,price,unix_time,volume
0,199.49,1561390800000,382
1,199.49676666666664,1561390801000,422
2,199.51,1561390802000,200
3,199.504,1561390803000,102
4,199.5095,1561390804000,24
5,199.51,1561390805000,100
6,199.5176,1561390806000,6
7,199.51,1561390807000,100
8,199.51,1561390808000,100
9,199.51,1561390809000,200
10,199.52,1561390810000,200
11,199.52,1561390811000,106
12,199.5199,1561390812000,35
13,199.52,1561390813000,100
14,199.515,1561390814000,100
15,199.51,1561390815000,60
16,199.5162,1561390816000,43
17,199.515,1561390817000,33
18,199.5168,1561390818000,200
19,199.5168,1561390819000,8
20,199.5113,1561390820000,10
21,199.5143,1561390821000,140
22,199.50752000000006,1561390822000,1734
23,199.5026,1561390823000,300
24,199.5,1561390824000,100
25,199.489419047619,1561390825000,1243
26,199.4738,1561390826000,6
27,199.47333333333333,1561390827000,185
28,199.465,1561390828000,170
29,199.41,1561390829000,100
30,199.475,1561390830000,200
31,199.4853,1561390831000,5
32,199.48366666666666,1561390832000,600
33,199.47073333333333,1561390833000,39
34,199.473,1561390834000,100
35,199.47,1561390835000,303
36,199.461,1561390836000,84
37,199.46,1561390837000,101
38,199.46,1561390838000,234
39,199.458,1561390839000,3
40,199.46574,1561390840000,392
41,199.4641,1561390841000,136
42,199.47,1561390842000,21
43,199.4653,1561390843000,100
44,199.46,1561390844000,94
45,199.47,1561390845000,1
46,199.46,1561390846000,1
47,199.46,1561390847000,7
48,199.4637,1561390848000,7
49,199.46963333333335,1561390849000,46
50,199.47,1561390850000,60
51,199.47,1561390851000,703
52,199.46,1561390852000,2
53,199.4625,1561390853000,171
54,199.47,1561390854000,100
55,199.463,1561390855000,100
56,199.463,1561390856000,100
57,199.47,1561390857000,100
58,199.465,1561390858000,100
59,199.4648,1561390859000,50
60,199.473,1561390860000,1037
61,199.4766666666667,1561390861000,468
62,199.4701,1561390862000,3
63,199.49,1561390863000,100
64,199.4925,1561390864000,200
65,199.5,1561390865000,402
66,199.49714285714285,1561390866000,500
67,199.48833333333334,1561390867000,800
68,199.4866,1561390868000,12
69,199.48805000000002,1561390869000,210
70,199.4849,1561390870000,8
71,199.47293199999993,1561390871000,2417
72,199.46136666666666,1561390872000,8
73,199.4568,1561390873000,800
74,199.460025,1561390874000,303
75,199.46,1561390875000,1
76,199.459,1561390876000,10
77,199.46,1561390877000,88
78,199.46,1561390878000,312
79,199.465,1561390879000,100
80,199.4699,1561390880000,1
81,199.47,1561390881000,1
82,199.46,1561390882000,237
83,199.46,1561390883000,166
84,199.4500333333333,1561390884000,147
85,199.44909090909093,1561390885000,698
86,199.4372,1561390886000,50
87,199.43,1561390887000,1
88,199.4360333333333,1561390888000,452
89,199.435,1561390889000,670
90,199.435,1561390890000,200
91,199.43,1561390891000,53
92,199.4345,1561390892000,31
93,199.435,1561390893000,200
94,199.43334,1561390894000,826
95,199.43033333333338,1561390895000,634
96,199.4312,1561390896000,192
97,199.43,1561390897000,338
98,199.425,1561390898000,208
99,199.42999999999998,1561390899000,300
100,199.435,1561390900000,43
101,199.43,1561390901000,11
102,199.4338,1561390902000,131
103,199.4347,1561390903000,50
104,199.43,1561390904000,3
105,199.437,1561390905000,3
106,199.4238538461539,1561390906000,2217
107,199.41000000000003,1561390907000,680
108,199.39733333333334,1561390908000,1640
109,199.4,1561390909000,3
110,199.3961,1561390910000,7
111,199.4,1561390911000,100
112,199.4,1561390912000,100
113,199.4,1561390913000,100
114,199.40565217391304,1561390914000,1712
115,199.428,1561390915000,350
116,199.42,1561390916000,200
117,199.41305,1561390917000,53
118,199.4135,1561390918000,250
119,199.4175,1561390919000,500
120,199.415,1561390920000,2
121,199.4100923076923,1561390921000,955
122,199.4137,1561390922000,200
123,199.4101,1561390923000,26
124,199.4101,1561390924000,3
125,199.41305,1561390925000,71
126,199.415,1561390926000,5
127,199.4161,1561390927000,5
128,199.41066666666669,1561390928000,1200
129,199.40908750000003,1561390929000,807
130,199.4099,1561390930000,1
131,199.40826666666666,1561390931000,44
132,199.405,1561390932000,170
133,199.41,1561390933000,200
134,199.4,1561390934000,335
135,199.41,1561390935000,200
136,199.41675,1561390936000,1360
137,199.41,1561390937000,400
138,199.43163333333337,1561390938000,506
139,199.4001,1561390939000,10
140,199.4,1561390940000,200
141,199.41,1561390941000,126
142,199.42000000000002,1561390942000,935
143,199.42239999999998,1561390943000,51
144,199.42,1561390944000,100
145,199.4299,1561390945000,61
146,199.4222,1561390946000,600
147,199.41899999999998,1561390947000,1200
148,199.4,1561390948000,12
149,199.40313333333336,1561390949000,149
150,199.402,1561390950000,1
151,199.41,1561390951000,202
152,199.40996666666663,1561390952000,101
153,199.40583333333333,1561390953000,543
154,199.40000000000003,1561390954000,405
155,199.39004545454537,1561390955000,826
156,199.39049999999997,1561390956000,37
157,199.39,1561390957000,1
158,199.38,1561390958000,19
159,199.3808333333333,1561390959000,481
160,199.3638,1561390960000,55
161,199.37,1561390961000,100
162,199.37,1561390962000,5
163,199.37,1561390963000,200
164,199.3755611111111,1561390964000,1116
165,199.38,1561390965000,36
166,199.36963888888883,1561390966000,1902
167,199.3602,1561390967000,1
168,199.365,1561390968000,100
169,199.365,1561390969000,100
170,199.36676666666668,1561390970000,212
171,199.368,1561390971000,25
172,199.36,1561390972000,98
173,199.36,1561390973000,2
174,199.37363636363636,1561390974000,1279
175,199.4,1561390975000,134
176,199.398,1561390976000,300
177,199.39,1561390977000,1
178,199.4,1561390978000,33
179,199.3952,1561390979000,64
180,199.3926,1561390980000,56
181,199.3939,1561390981000,700
182,199.4,1561390982000,130
183,199.40862727272727,1561390983000,388
184,199.4035,1561390984000,68
185,199.405,1561390985000,6
186,199.41,1561390986000,1
187,199.41,1561390987000,100
188,199.41333333333333,1561390988000,359
189,199.42,1561390989000,94
190,199.42333333333332,1561390990000,61
191,199.42,1561390991000,100
192,199.42,1561390992000,1
193,199.41799999999998,1561390993000,784
194,199.41,1561390994000,210
195,199.4102,1561390995000,6
196,199.42,1561390996000,400
197,199.42,1561390997000,200
198,199.4226,1561390998000,150
199,199.43200000000002,1561390999000,423
200,199.43901999999997,1561391000000,171
201,199.44045454545457,1561391001000,1054
202,199.4301,1561391002000,224
203,199.431,1561391003000,6
204,199.44,1561391004000,2
205,199.4386666666667,1561391005000,1846
206,199.44333333333336,1561391006000,518
207,199.45,1561391007000,29
208,199.445,1561391008000,100
209,199.44926000000004,1561391009000,873
210,199.45,1561391010000,115
211,199.43722222222223,1561391011000,836
212,199.435,1561391012000,10
213,199.42714285714288,1561391013000,710
214,199.4201,1561391014000,21
215,199.41,1561391015000,20
216,199.4101,1561391016000,1
217,199.42,1561391017000,200
218,199.42,1561391018000,400
219,199.4314285714286,1561391019000,563
220,199.44857142857146,1561391020000,502
221,199.45,1561391021000,357
222,199.44,1561391022000,23
223,199.445,1561391023000,750
224,199.4609090909091,1561391024000,439
225,199.4601,1561391025000,11
226,199.4679,1561391026000,1
227,199.463,1561391027000,700
228,199.465,1561391028000,2
229,199.47668333333334,1561391029000,2002
230,199.475,1561391030000,100
231,199.475,1561391031000,100
232,199.475,1561391032000,200
233,199.48,1561391033000,100
234,199.48,1561391034000,1748
235,199.475,1561391035000,19
236,199.47806666666665,1561391036000,400
237,199.47331111111112,1561391037000,223
238,199.46999999999997,1561391038000,1308
239,199.4603285714286,1561391039000,919
240,199.4461,1561391040000,6
241,199.44353333333333,1561391041000,59
242,199.45,1561391042000,5
243,199.45,1561391043000,100
244,199.4575,1561391044000,384
245,199.46993571428567,1561391045000,963
246,199.45,1561391046000,37
247,199.4467857142857,1561391047000,847
248,199.455,1561391048000,10
249,199.4551,1561391049000,47
250,199.4528,1561391050000,1000
251,199.4544,1561391051000,3
252,199.46,1561391052000,300
253,199.46,1561391053000,600
254,199.46980000000002,1561391054000,214
255,199.46316666666667,1561391055000,125
256,199.45004999999998,1561391056000,4
257,199.4621,1561391057000,917
258,199.47,1561391058000,100
259,199.47,1561391059000,100
260,199.4799,1561391060000,1
261,199.47,1561391061000,100
262,199.47,1561391062000,501
263,199.4327,1561391063000,100
264,199.4578214285714,1561391064000,962
265,199.4599,1561391065000,100
266,199.46923076923073,1561391066000,1199
267,199.47220000000002,1561391067000,74
268,199.4633666666667,1561391068000,133
269,199.46954545454545,1561391069000,1213
270,199.46300000000002,1561391070000,358
271,199.4476923076923,1561391071000,867
272,199.4542,1561391072000,4
273,199.44350000000003,1561391073000,100
274,199.4675,1561391074000,230
275,199.47,1561391075000,100
276,199.4637,1561391076000,264
277,199.46166666666667,1561391077000,641
278,199.45,1561391078000,100
279,199.46,1561391079000,274
280,199.46,1561391080000,1
281,199.46,1561391081000,500
282,199.44799999999998,1561391082000,101
283,199.4512,1561391083000,1
284,199.4501,1561391084000,2
285,199.44999999999996,1561391085000,201
286,199.44,1561391086000,15
287,199.45499999999998,1561391087000,102
288,199.452475,1561391088000,302
289,199.45326666666665,1561391089000,106
290,199.46,1561391090000,100
291,199.46,1561391091000,100
292,199.46,1561391092000,100
293,199.46076923076922,1561391093000,1513
294,199.465,1561391094000,103
295,199.47,1561391095000,5
296,199.47,1561391096000,7
297,199.47068333333334,1561391097000,768
298,199.475,1561391098000,25
299,199.4690909090909,1561391099000,922
300,199.46,1561391100000,100
301,199.46,1561391101000,73
302,199.46,1561391102000,527
303,199.44875,1561391103000,708
304,199.43875000000003,1561391104000,309
305,199.43666666666664,1561391105000,140
306,199.435,1561391106000,46
307,199.44116470588241,1561391107000,2069
308,199.4401,1561391108000,43
309,199.430294117647,1561391109000,416
310,199.42848000000004,1561391110000,935
311,199.4148555555556,1561391111000,218
312,199.41,1561391112000,12
313,199.4,1561391113000,100
314,199.3936,1561391114000,1570
315,199.40170909090912,1561391115000,976
316,199.4001,1561391116000,5
317,199.41126,1561391117000,297
318,199.43,1561391118000,114
319,199.44,1561391119000,2
320,199.4395,1561391120000,100
321,199.43,1561391121000,37
322,199.4362,1561391122000,60
323,199.435,1561391123000,100
324,199.435,1561391124000,100
325,199.44,1561391125000,100
326,199.44000000000003,1561391126000,574
327,199.4475,1561391127000,92
328,199.445,1561391128000,20
329,199.4510416666666,1561391129000,1727
330,199.46,1561391130000,200
331,199.457,1561391131000,120
332,199.4555,1561391132000,1
333,199.4547,1561391133000,40
334,199.4475,1561391134000,500
335,199.4364,1561391135000,8
336,199.4375,1561391136000,155
337,199.43255,1561391137000,11
338,199.435,1561391138000,525
339,199.43000000000004,1561391139000,479
340,199.4313,1561391140000,169
341,199.4399,1561391141000,6
342,199.44,1561391142000,100
343,199.44562499999995,1561391143000,3664
344,199.45916666666668,1561391144000,371
345,199.46277777777775,1561391145000,1476
346,199.45,1561391146000,9
347,199.45100000000002,1561391147000,491
348,199.445,1561391148000,4
349,199.45,1561391149000,100
350,199.44,1561391150000,20
351,199.441,1561391151000,5
352,199.45,1561391152000,100
353,199.4401,1561391153000,1
354,199.4463,1561391154000,500
355,199.45222222222225,1561391155000,727
356,199.45331111111113,1561391156000,612
357,199.4435,1561391157000,155
358,199.445,1561391158000,200
359,199.445,1561391159000,30
360,199.45000000000002,1561391160000,1310
361,199.45200000000003,1561391161000,1105
362,199.44064285714288,1561391162000,393
363,199.445,1561391163000,35
364,199.45,1561391164000,35
365,199.45,1561391165000,65
366,199.45,1561391166000,1268
367,199.44425,1561391167000,127
368,199.4476,1561391168000,800
369,199.445,1561391169000,25
370,199.4514142857143,1561391170000,650
371,199.46,1561391171000,300
372,199.46,1561391172000,100
373,199.46590714285716,1561391173000,494
374,199.4688,1561391174000,65
375,199.4699,1561391175000,2
376,199.47075,1561391176000,315
377,199.46768000000003,1561391177000,526
378,199.46553333333335,1561391178000,960
379,199.46996666666666,1561391179000,3
380,199.46,1561391180000,527
381,199.45505,1561391181000,128
382,199.43901000000002,1561391182000,601
383,199.4321,1561391183000,251
384,199.43,1561391184000,500
385,199.42999999999998,1561391185000,100
386,199.41745999999998,1561391186000,669
387,199.4203,1561391187000,500
388,199.42689473684214,1561391188000,1496
389,199.427975,1561391189000,216
390,199.42,1561391190000,100
391,199.418125,1561391191000,803
392,199.42455999999996,1561391192000,1337
393,199.4135,1561391193000,25
394,199.4266,1561391194000,100
395,199.43,1561391195000,100
396,199.43000000000004,1561391196000,322
397,199.44,1561391197000,100
398,199.44,1561391198000,219
399,199.43785,1561391199000,11
400,199.4399,1561391200000,2
401,199.42333333333337,1561391201000,1200
402,199.41495,1561391202000,3
403,199.41199999999998,1561391203000,150
404,199.41,1561391204000,4
405,199.4099999999999,1561391205000,1496
406,199.42375,1561391206000,1000
407,199.4209,1561391207000,2000
408,199.41864615384614,1561391208000,852
409,199.41666666666666,1561391209000,395
410,199.415,1561391210000,100
411,199.4101,1561391211000,2000
412,199.4104,1561391212000,11
413,199.4162,1561391213000,10
414,199.415,1561391214000,100
415,199.415,1561391215000,13
416,199.41255,1561391216000,6
417,199.41000000000003,1561391217000,322
418,199.4084,1561391218000,102
419,199.4025,1561391219000,200
420,199.40000000000003,1561391220000,501
421,199.39375,1561391221000,308
422,199.39090909090902,1561391222000,888
423,199.3939,1561391223000,3
424,199.39,1561391224000,4
425,199.39,1561391225000,4
426,199.39288571428574,1561391226000,2100
427,199.4010363636364,1561391227000,1108
428,199.41833333333332,1561391228000,301
429,199.4,1561391229000,30
430,199.40946666666665,1561391230000,202
431,199.41712857142858,1561391231000,2651
432,199.41,1561391232000,100
433,199.41,1561391233000,200
434,199.41,1561391234000,76
435,199.41,1561391235000,100
436,199.41,1561391236000,528
437,199.40175,1561391237000,20
438,199.405,1561391238000,100
439,199.3902,1561391239000,1
440,199.40474999999998,1561391240000,43
441,199.41,1561391241000,100
442,199.41,1561391242000,100
443,199.41,1561391243000,100
444,199.41307692307694,1561391244000,603
445,199.42,1561391245000,100
446,199.42002,1561391246000,1230
447,199.4211328767123,1561391247000,9894
448,199.42010000000002,1561391248000,6560
449,199.42950000000005,1561391249000,1029
450,199.42,1561391250000,2
451,199.425,1561391251000,100
452,199.42095,1561391252000,6
453,199.43,1561391253000,98
454,199.43600000000004,1561391254000,1465
455,199.44171999999998,1561391255000,330
456,199.44198,1561391256000,510
457,199.4301,1561391257000,34
458,199.4298333333333,1561391258000,1128
459,199.425,1561391259000,89
460,199.43,1561391260000,100
461,199.41000000000003,1561391261000,1209
462,199.402,1561391262000,389
463,199.41904999999997,1561391263000,306
464,199.42884615384622,1561391264000,1803
465,199.4264,1561391265000,7
466,199.4225,1561391266000,47
467,199.4281,1561391267000,10
468,199.426,1561391268000,5
469,199.43,1561391269000,100
470,199.43,1561391270000,100
471,199.43,1561391271000,200
472,199.43,1561391272000,100
473,199.43,1561391273000,100
474,199.43612307692305,1561391274000,9610
475,199.44650000000001,1561391275000,15
476,199.44727272727275,1561391276000,807
477,199.44733333333332,1561391277000,109
478,199.45,1561391278000,100
479,199.45,1561391279000,625
480,199.47220399999986,1561391280000,1339
481,199.48712857142854,1561391281000,412
482,199.495,1561391282000,102
483,199.5,1561391283000,605
484,199.49076923076925,1561391284000,638
485,199.49,1561391285000,100
486,199.485,1561391286000,128
487,199.49051666666665,1561391287000,1500
488,199.4925,1561391288000,107
489,199.497,1561391289000,6
490,199.49,1561391290000,90
491,199.4965,1561391291000,6
492,199.4903944444444,1561391292000,167
493,199.4988,1561391293000,600
494,199.4901,1561391294000,497
495,199.48475,1561391295000,1602
496,199.48,1561391296000,10
497,199.49,1561391297000,100
498,199.4866,1561391298000,22
499,199.5,1561391299000,19
500,199.5,1561391300000,100
501,199.5,1561391301000,19
502,199.49811874999997,1561391302000,485
503,199.49866875,1561391303000,1595
504,199.48846153846156,1561391304000,906
505,199.481175,1561391305000,113
506,199.48153333333332,1561391306000,1600
507,199.49,1561391307000,200
508,199.5,1561391308000,1089
509,199.50107142857146,1561391309000,1676
510,199.51857142857142,1561391310000,1462
511,199.53655909090912,1561391311000,2292
512,199.53459999999998,1561391312000,670
513,199.54,1561391313000,100
514,199.53666666666666,1561391314000,104
515,199.53596666666667,1561391315000,150
516,199.5317,1561391316000,116
517,199.52205806451627,1561391317000,3207
518,199.52247333333332,1561391318000,2505
519,199.51653,1561391319000,2314
520,199.51,1561391320000,10
521,199.5175,1561391321000,1000
522,199.5116,1561391322000,61
523,199.51997,1561391323000,547
524,199.52,1561391324000,100
525,199.53,1561391325000,135
526,199.524325,1561391326000,210
527,199.5300000000001,1561391327000,1344
528,199.53,1561391328000,19
529,199.53,1561391329000,16
530,199.53,1561391330000,100
531,199.525,1561391331000,20
532,199.52,1561391332000,64
533,199.5235,1561391333000,64
534,199.52,1561391334000,10
535,199.52255000000002,1561391335000,110
536,199.5299,1561391336000,1
537,199.51,1561391337000,1190
538,199.5099,1561391338000,1
539,199.51,1561391339000,100
540,199.51,1561391340000,192
541,199.52,1561391341000,320
542,199.5234090909091,1561391342000,2502
543,199.504,1561391343000,260
544,199.51,1561391344000,1
545,199.515,1561391345000,122
546,199.52124999999998,1561391346000,1038
547,199.52125,1561391347000,222
548,199.5235,1561391348000,45
549,199.5259,1561391349000,140
550,199.53199999999998,1561391350000,314
551,199.52142857142857,1561391351000,1094
552,199.5,1561391352000,100
553,199.505,1561391353000,1
554,199.49342105263148,1561391354000,1314
555,199.4898,1561391355000,520
556,199.4982,1561391356000,2000
557,199.49142857142857,1561391357000,554
558,199.48985,1561391358000,69
559,199.4941,1561391359000,2100
560,199.48666666666668,1561391360000,112
561,199.48232844036716,1561391361000,14827
562,199.49470000000002,1561391362000,104
563,199.50015000000002,1561391363000,3060
564,199.48833333333334,1561391364000,309
565,199.4808333333333,1561391365000,820
566,199.48076923076923,1561391366000,1600
567,199.48,1561391367000,700
568,199.47,1561391368000,433
569,199.4699333333333,1561391369000,103
570,199.46837380952365,1561391370000,7545
571,199.47075,1561391371000,45
572,199.48,1561391372000,200
573,199.47,1561391373000,5
574,199.4724,1561391374000,4
575,199.47666666666666,1561391375000,165
576,199.47000000000006,1561391376000,2438
577,199.4758,1561391377000,214
578,199.49,1561391378000,16
579,199.4934,1561391379000,100
580,199.49,1561391380000,5
581,199.49,1561391381000,100
582,199.49,1561391382000,100
583,199.49,1561391383000,21
584,199.49,1561391384000,100
585,199.49,1561391385000,300
586,199.49,1561391386000,1
587,199.49,1561391387000,100
588,199.49,1561391388000,100
589,199.48333333333335,1561391389000,148
590,199.47744999999998,1561391390000,101
591,199.4799,1561391391000,2
592,199.475,1561391392000,2
593,199.48083333333332,1561391393000,354
594,199.48336666666668,1561391394000,205
595,199.4834,1561391395000,56
596,199.49,1561391396000,7
597,199.48005,1561391397000,36
598,199.47666666666666,1561391398000,602
599,199.48,1561391399000,100
600,199.48,1561391400000,300
601,199.4819,1561391401000,1520
602,199.4905,1561391402000,1000
603,199.4992857142857,1561391403000,560
604,199.49949999999998,1561391404000,832
605,199.495,1561391405000,100
606,199.495,1561391406000,100
607,199.49,1561391407000,15
608,199.47749166666665,1561391408000,516
609,199.47676666666666,1561391409000,129
610,199.475,1561391410000,200
611,199.475,1561391411000,100
612,199.47,1561391412000,100
613,199.4703846153846,1561391413000,873
614,199.465,1561391414000,100
615,199.4699,1561391415000,1
616,199.45724,1561391416000,967
617,199.44615384615386,1561391417000,665
618,199.45204999999999,1561391418000,287
619,199.4533333333333,1561391419000,84
620,199.46083333333334,1561391420000,351
621,199.47093749999996,1561391421000,2000
622,199.4703090909091,1561391422000,1185
623,199.46765,1561391423000,652
624,199.47,1561391424000,390
625,199.47410000000002,1561391425000,52
626,199.48,1561391426000,911
627,199.4852,1561391427000,5
628,199.48,1561391428000,18
629,199.48833333333337,1561391429000,1190
630,199.49125,1561391430000,206
631,199.4925,1561391431000,20
632,199.49,1561391432000,2
633,199.4897,1561391433000,503
634,199.49,1561391434000,4
635,199.48,1561391435000,5
636,199.48059999999998,1561391436000,11
637,199.48037037037042,1561391437000,1842
638,199.46545,1561391438000,2704
639,199.4799,1561391439000,5
640,199.47,1561391440000,5
641,199.475,1561391441000,2
642,199.4724,1561391442000,16
643,199.475,1561391443000,29
644,199.4769,1561391444000,500
645,199.475,1561391445000,16
646,199.47,1561391446000,2
647,199.48,1561391447000,10
648,199.48,1561391448000,100
649,199.48,1561391449000,92
650,199.47511081081075,1561391450000,1856
651,199.48,1561391451000,64
652,199.475,1561391452000,20
653,199.47285000000002,1561391453000,602
654,199.455,1561391454000,16
655,199.45495,1561391455000,22
656,199.46,1561391456000,1
657,199.46,1561391457000,135
658,199.46,1561391458000,7
659,199.46,1561391459000,65
660,199.464,1561391460000,307
661,199.475,1561391461000,2
662,199.4799857142857,1561391462000,237
663,199.48483333333337,1561391463000,1350
664,199.4892888888889,1561391464000,925
665,199.48,1561391465000,94
666,199.48,1561391466000,106
667,199.48,1561391467000,100
668,199.4752,1561391468000,300
669,199.48,1561391469000,100
670,199.48333333333335,1561391470000,180
671,199.48802,1561391471000,933
672,199.48,1561391472000,100
673,199.48,1561391473000,560
674,199.465,1561391474000,300
675,199.48250000000002,1561391475000,1362
676,199.49,1561391476000,49
677,199.4875,1561391477000,156
678,199.4801,1561391478000,1
679,199.48955,1561391479000,480
680,199.49200000000002,1561391480000,665
681,199.49,1561391481000,506
682,199.48245,1561391482000,88
683,199.4868,1561391483000,51
684,199.48298,1561391484000,657
685,199.49359374999997,1561391485000,2651
686,199.5,1561391486000,77
687,199.5,1561391487000,173
688,199.49802,1561391488000,6466
689,199.5,1561391489000,62
690,199.4976,1561391490000,97
691,199.4994,1561391491000,400
692,199.49854444444443,1561391492000,743
693,199.5028125,1561391493000,1712
694,199.4925,1561391494000,206
695,199.4946666666667,1561391495000,210
696,199.4946,1561391496000,410
697,199.498,1561391497000,400
698,199.495,1561391498000,200
699,199.5,1561391499000,100
700,199.5004347826087,1561391500000,2202
701,199.50271666666666,1561391501000,403
702,199.51,1561391502000,107
703,199.515,1561391503000,100
704,199.52,1561391504000,4
705,199.52,1561391505000,400
706,199.52,1561391506000,600
707,199.53,1561391507000,401
708,199.52,1561391508000,398
709,199.54,1561391509000,1
710,199.54129999999998,1561391510000,2648
711,199.54,1561391511000,100
712,199.535,1561391512000,1
713,199.54,1561391513000,100
714,199.55384615384614,1561391514000,874
715,199.55879999999996,1561391515000,776
716,199.547,1561391516000,150
717,199.56052631578947,1561391517000,2098
718,199.55400000000003,1561391518000,1352
719,199.55,1561391519000,100
720,199.5491,1561391520000,116
721,199.54,1561391521000,8
722,199.5451,1561391522000,16
723,199.5446,1561391523000,5
724,199.54583333333335,1561391524000,1330
725,199.54152142857143,1561391525000,6546
726,199.5225,1561391526000,1089
727,199.52859999999998,1561391527000,323
728,199.538,1561391528000,209
729,199.52625,1561391529000,360
730,199.52005,1561391530000,462
731,199.54277777777787,1561391531000,2661
732,199.5311111111111,1561391532000,558
733,199.51996666666665,1561391533000,107
734,199.52,1561391534000,100
735,199.51753333333332,1561391535000,418
736,199.50625,1561391536000,508
737,199.5,1561391537000,135
738,199.50745,1561391538000,4
739,199.51,1561391539000,422
740,199.5145,1561391540000,55
741,199.52,1561391541000,7
742,199.51525,1561391542000,90
743,199.5076,1561391543000,33
744,199.51,1561391544000,200
745,199.51727272727274,1561391545000,2369
746,199.5178,1561391546000,2
747,199.51835000000003,1561391547000,404
748,199.5287,1561391548000,20
749,199.51833333333332,1561391549000,600
750,199.5264,1561391550000,960
751,199.525,1561391551000,1000
752,199.52,1561391552000,100
753,199.5238,1561391553000,100
754,199.52125,1561391554000,63
755,199.52,1561391555000,100
756,199.51922,1561391556000,810
757,199.50005,1561391557000,103
758,199.50833333333333,1561391558000,211
759,199.51,1561391559000,50
760,199.51444444444442,1561391560000,686
761,199.5232,1561391561000,36
762,199.52,1561391562000,10
763,199.5311111111111,1561391563000,672
764,199.523,1561391564000,25
765,199.5205,1561391565000,1657
766,199.52,1561391566000,100
767,199.5198333333333,1561391567000,305
768,199.51666666666665,1561391568000,600
769,199.52,1561391569000,400
770,199.5201,1561391570000,1
771,199.5281,1561391571000,10
772,199.52,1561391572000,20
773,199.524,1561391573000,20
774,199.525,1561391574000,98
775,199.525,1561391575000,235
776,199.525,1561391576000,100
777,199.525,1561391577000,100
778,199.53,1561391578000,875
779,199.5303,1561391579000,500
780,199.54,1561391580000,100
781,199.54,1561391581000,135
782,199.535,1561391582000,300
783,199.54,1561391583000,1081
784,199.54,1561391584000,90
785,199.545,1561391585000,25
786,199.54174999999998,1561391586000,6
787,199.549,1561391587000,2000
788,199.55,1561391588000,3
789,199.55,1561391589000,67
790,199.55,1561391590000,67
791,199.55,1561391591000,1483
792,199.54333333333332,1561391592000,301
793,199.54833333333332,1561391593000,325
794,199.55,1561391594000,22
795,199.54776,1561391595000,373
796,199.55250000000004,1561391596000,2888
797,199.548725,1561391597000,29
798,199.5499,1561391598000,3
799,199.54,1561391599000,7
800,199.54,1561391600000,179
801,199.55769999999998,1561391601000,1120
802,199.5624,1561391602000,61
803,199.56504999999999,1561391603000,150
804,199.565,1561391604000,199
805,199.565,1561391605000,54
806,199.5617,1561391606000,100
807,199.565,1561391607000,8
808,199.56999999999996,1561391608000,436
809,199.57666666666665,1561391609000,1300
810,199.5797826086956,1561391610000,3460
811,199.582475,1561391611000,236
812,199.58,1561391612000,100
813,199.558605,1561391613000,2345
814,199.54,1561391614000,160
815,199.535,1561391615000,100
816,199.5339,1561391616000,8
817,199.53775,1561391617000,280
818,199.54,1561391618000,100
819,199.5428,1561391619000,5
820,199.55,1561391620000,100
821,199.55251666666672,1561391621000,502
822,199.5525,1561391622000,102
823,199.55284285714288,1561391623000,580
824,199.55166666666665,1561391624000,191
825,199.5517,1561391625000,38
826,199.55175000000003,1561391626000,57
827,199.5564,1561391627000,28
828,199.55,1561391628000,97
829,199.5541,1561391629000,30
830,199.55,1561391630000,50
831,199.5454133333333,1561391631000,2086
832,199.53,1561391632000,100
833,199.535,1561391633000,5
834,199.537,1561391634000,100
835,199.535,1561391635000,300
836,199.533,1561391636000,10
837,199.5315,1561391637000,10
838,199.53375,1561391638000,306
839,199.53,1561391639000,862
840,199.53,1561391640000,43
841,199.53416666666666,1561391641000,773
842,199.53,1561391642000,700
843,199.52382,1561391643000,1026
844,199.5281,1561391644000,45
845,199.525,1561391645000,1
846,199.525,1561391646000,1
847,199.525,1561391647000,1
848,199.52550000000002,1561391648000,2
849,199.50355249999998,1561391649000,3806
850,199.4903846153846,1561391650000,492
851,199.49200000000002,1561391651000,974
852,199.49,1561391652000,100
853,199.49,1561391653000,20
854,199.49944444444444,1561391654000,877
855,199.5,1561391655000,1304
856,199.5,1561391656000,584
857,199.51,1561391657000,143
858,199.5,1561391658000,100
859,199.5,1561391659000,10
860,199.5,1561391660000,1335
861,199.4931,1561391661000,90
862,199.49,1561391662000,200
863,199.49,1561391663000,180
864,199.48555555555558,1561391664000,948
865,199.48,1561391665000,6
866,199.48,1561391666000,701
867,199.49,1561391667000,100
868,199.48635000000002,1561391668000,301
869,199.49185,1561391669000,234
870,199.48166666666665,1561391670000,466
871,199.474,1561391671000,21
872,199.48,1561391672000,1
873,199.485,1561391673000,100
874,199.48,1561391674000,2
875,199.48505,1561391675000,450
876,199.485,1561391676000,10
877,199.4849,1561391677000,110
878,199.4835,1561391678000,38
879,199.4842,1561391679000,234
880,199.48,1561391680000,100
881,199.4816,1561391681000,1
882,199.48999999999998,1561391682000,1200
883,199.48,1561391683000,100
884,199.47490000000002,1561391684000,106
885,199.4687,1561391685000,90
886,199.46,1561391686000,138
887,199.46,1561391687000,1
888,199.465,1561391688000,4
889,199.459552,1561391689000,2072
890,199.4645,1561391690000,28
891,199.46499999999997,1561391691000,513
892,199.45840000000004,1561391692000,650
893,199.4424,1561391693000,150
894,199.43000000000004,1561391694000,659
895,199.42734285714292,1561391695000,521
896,199.4275,1561391696000,111
897,199.43,1561391697000,400
898,199.43989000000002,1561391698000,1032
899,199.44499999999996,1561391699000,364
900,199.44999285714283,1561391700000,1081
901,199.45087500000002,1561391701000,553
902,199.44298333333333,1561391702000,236
903,199.4492571428572,1561391703000,3001
904,199.45,1561391704000,12
905,199.45,1561391705000,200
906,199.45,1561391706000,100
907,199.45,1561391707000,100
908,199.45,1561391708000,100
909,199.455,1561391709000,200
910,199.45433333333335,1561391710000,240
911,199.455,1561391711000,10
912,199.455,1561391712000,100
913,199.4587,1561391713000,100
914,199.45834285714287,1561391714000,2126
915,199.46,1561391715000,576
916,199.47,1561391716000,700
917,199.4722,1561391717000,15
918,199.4701,1561391718000,10
919,199.47,1561391719000,100
920,199.47,1561391720000,35
921,199.47,1561391721000,65
922,199.47,1561391722000,300
923,199.47,1561391723000,401
924,199.46666666666667,1561391724000,400
925,199.465,1561391725000,50
926,199.46839999999992,1561391726000,2243
927,199.48,1561391727000,24
928,199.4879999999999,1561391728000,1732
929,199.4925,1561391729000,310
930,199.4899,1561391730000,3
931,199.48,1561391731000,35
932,199.49,1561391732000,145
933,199.482,1561391733000,225
934,199.48,1561391734000,100
935,199.48625,1561391735000,222
936,199.48200000000003,1561391736000,477
937,199.49,1561391737000,100
938,199.49,1561391738000,16
939,199.4905666666667,1561391739000,279
940,199.48025,1561391740000,72
941,199.485,1561391741000,12
942,199.49,1561391742000,100
943,199.5,1561391743000,1
944,199.49939393939394,1561391744000,4249
945,199.49683333333334,1561391745000,792
946,199.49,1561391746000,400
947,199.4835,1561391747000,1
948,199.48669999999998,1561391748000,10
949,199.491875,1561391749000,302
950,199.5,1561391750000,1
951,199.50333333333333,1561391751000,500
952,199.505,1561391752000,25
953,199.51727777777776,1561391753000,550
954,199.51791666666668,1561391754000,849
955,199.502,1561391755000,639
956,199.49,1561391756000,12
957,199.505,1561391757000,200
958,199.505,1561391758000,100
959,199.51,1561391759000,100
960,199.505,1561391760000,100
961,199.51,1561391761000,400
962,199.51,1561391762000,100
963,199.51,1561391763000,100
964,199.50333333333333,1561391764000,402
965,199.5059,1561391765000,232
966,199.5,1561391766000,100
967,199.50004117647066,1561391767000,1831
968,199.49795,1561391768000,70
969,199.50735714285716,1561391769000,1592
970,199.5001,1561391770000,82
971,199.51555,1561391771000,216
972,199.50736666666668,1561391772000,132
973,199.50045,1561391773000,708
974,199.495,1561391774000,107
975,199.49333333333334,1561391775000,178
976,199.49996666666667,1561391776000,4
977,199.49948999999998,1561391777000,803
978,199.51,1561391778000,100
979,199.51,1561391779000,25
980,199.51,1561391780000,231
981,199.52,1561391781000,2
982,199.5085,1561391782000,100
983,199.51,1561391783000,5
984,199.5,1561391784000,100
985,199.5,1561391785000,200
986,199.4905,1561391786000,1306
987,199.48604,1561391787000,1324
988,199.485,1561391788000,200
989,199.489,1561391789000,100
990,199.49,1561391790000,200
991,199.49166666666667,1561391791000,807
992,199.5,1561391792000,200
993,199.51318333333333,1561391793000,355
994,199.52,1561391794000,1255
995,199.51935,1561391795000,55
996,199.5243,1561391796000,300
997,199.52,1561391797000,26
998,199.52,1561391798000,100
999,199.51624999999999,1561391799000,302
1000,199.52100000000002,1561391800000,401
1001,199.5275,1561391801000,80
1002,199.52,1561391802000,700
1003,199.52,1561391803000,93
1004,199.52,1561391804000,7
1005,199.52,1561391805000,100
1006,199.51854,1561391806000,196
1007,199.52,1561391807000,200
1008,199.52,1561391808000,405
1009,199.52,1561391809000,50
1010,199.52083333333334,1561391810000,214
1011,199.52,1561391811000,100
1012,199.52,1561391812000,100
1013,199.525,1561391813000,10
1014,199.52,1561391814000,1
1015,199.52,1561391815000,22
1016,199.525,1561391816000,200
1017,199.52666666666667,1561391817000,205
1018,199.52464999999998,1561391818000,910
1019,199.53,1561391819000,1
1020,199.5126470588236,1561391820000,1369
1021,199.5153,1561391821000,16
1022,199.51469999999998,1561391822000,540
1023,199.52,1561391823000,687
1024,199.5287625,1561391824000,267
1025,199.53,1561391825000,5
1026,199.52,1561391826000,100
1027,199.51533333333336,1561391827000,1778
1028,199.5,1561391828000,56
1029,199.51,1561391829000,74
1030,199.51200999999998,1561391830000,639
1031,199.515,1561391831000,29
1032,199.51,1561391832000,500
1033,199.51,1561391833000,100
1034,199.51,1561391834000,300
1035,199.51,1561391835000,1
1036,199.5076,1561391836000,110
1037,199.503,1561391837000,24
1038,199.505,1561391838000,100
1039,199.5,1561391839000,100
1040,199.49999230769228,1561391840000,1476
1041,199.485,1561391841000,200
1042,199.49349999999998,1561391842000,755
1043,199.50520000000003,1561391843000,439
1044,199.5,1561391844000,100
1045,199.5,1561391845000,1155
1046,199.5003,1561391846000,1270
1047,199.5,1561391847000,100
1048,199.506,1561391848000,832
1049,199.505,1561391849000,100
1050,199.505,1561391850000,151
1051,199.5,1561391851000,2
1052,199.50604166666665,1561391852000,859
1053,199.51499166666667,1561391853000,826
1054,199.51394,1561391854000,159
1055,199.50735,1561391855000,1050
1056,199.5,1561391856000,15
1057,199.5068,1561391857000,280
1058,199.5,1561391858000,100
1059,199.5,1561391859000,100
1060,199.5,1561391860000,20
1061,199.5001,1561391861000,50
1062,199.5,1561391862000,21
1063,199.5,1561391863000,130
1064,199.49117647058824,1561391864000,907
1065,199.4763,1561391865000,12
1066,199.4791,1561391866000,200
1067,199.475,1561391867000,48
1068,199.4719,1561391868000,16
1069,199.4748,1561391869000,5
1070,199.4733,1561391870000,146
1071,199.475,1561391871000,100
1072,199.471,1561391872000,279
1073,199.46826666666666,1561391873000,301
1074,199.44833333333335,1561391874000,105
1075,199.44,1561391875000,45
1076,199.4452,1561391876000,32
1077,199.4499,1561391877000,1
1078,199.4436,1561391878000,1400
1079,199.43595,1561391879000,556
1080,199.43834000000004,1561391880000,3039
1081,199.44999999999996,1561391881000,200
1082,199.4435,1561391882000,10
1083,199.45,1561391883000,100
1084,199.4475,1561391884000,1100
1085,199.44501666666667,1561391885000,356
1086,199.4366666666667,1561391886000,402
1087,199.4145090909091,1561391887000,2202
1088,199.40243333333333,1561391888000,500
1089,199.4075,1561391889000,100
1090,199.4,1561391890000,135
1091,199.40030000000002,1561391891000,69
1092,199.39249999999998,1561391892000,200
1093,199.39,1561391893000,35
1094,199.39875,1561391894000,235
1095,199.40285714285716,1561391895000,478
1096,199.41,1561391896000,39
1097,199.4149666666667,1561391897000,265
1098,199.41387500000002,1561391898000,1442
1099,199.42,1561391899000,360
1100,199.4299,1561391900000,1
1101,199.421,1561391901000,218
1102,199.42833333333337,1561391902000,116
1103,199.426,1561391903000,806
1104,199.42099999999996,1561391904000,133
1105,199.43,1561391905000,2
1106,199.42812500000005,1561391906000,906
1107,199.43,1561391907000,100
1108,199.42999999999998,1561391908000,300
1109,199.4353266666667,1561391909000,954
1110,199.44760000000002,1561391910000,378
1111,199.45000000000002,1561391911000,500
1112,199.45,1561391912000,129
1113,199.4507,1561391913000,28
1114,199.45,1561391914000,17
1115,199.47,1561391915000,5
1116,199.45891428571426,1561391916000,1016
1117,199.445,1561391917000,300
1118,199.4487,1561391918000,25
1119,199.44937500000003,1561391919000,800
1120,199.46,1561391920000,100
1121,199.47,1561391921000,57
1122,199.46944444444443,1561391922000,645
1123,199.48043749999994,1561391923000,615
1124,199.49166666666667,1561391924000,453
1125,199.4875,1561391925000,150
1126,199.49,1561391926000,100
1127,199.49,1561391927000,26
1128,199.49,1561391928000,24
1129,199.49,1561391929000,33
1130,199.49,1561391930000,100
1131,199.49558333333334,1561391931000,922
1132,199.4926,1561391932000,135
1133,199.4939,1561391933000,5
1134,199.495,1561391934000,1
1135,199.4975,1561391935000,119
1136,199.49,1561391936000,33
1137,199.50531250000006,1561391937000,896
1138,199.51,1561391938000,102
1139,199.5,1561391939000,807
1140,199.492,1561391940000,20
1141,199.499225,1561391941000,219
1142,199.51,1561391942000,1
1143,199.50099999999998,1561391943000,56
1144,199.4947,1561391944000,3
1145,199.4908,1561391945000,1
1146,199.4934,1561391946000,50
1147,199.49475,1561391947000,78
1148,199.49360000000001,1561391948000,8
1149,199.495,1561391949000,60
1150,199.49,1561391950000,300
1151,199.48755000000003,1561391951000,481
1152,199.4842,1561391952000,211
1153,199.48,1561391953000,90
1154,199.485,1561391954000,200
1155,199.47999,1561391955000,237
1156,199.4792857142857,1561391956000,700
1157,199.4847,1561391957000,380
1158,199.48,1561391958000,202
1159,199.476,1561391959000,452
1160,199.4667,1561391960000,100
1161,199.47,1561391961000,100
1162,199.47,1561391962000,100
1163,199.47,1561391963000,200
1164,199.49,1561391964000,310
1165,199.49333333333334,1561391965000,300
1166,199.4965,1561391966000,730
1167,199.49,1561391967000,100
1168,199.49819999999997,1561391968000,1835
1169,199.4999,1561391969000,1
1170,199.49916666666664,1561391970000,425
1171,199.5,1561391971000,100
1172,199.5,1561391972000,35
1173,199.497825,1561391973000,302
1174,199.5,1561391974000,100
1175,199.49,1561391975000,100
1176,199.49,1561391976000,100
1177,199.48100000000002,1561391977000,951
1178,199.48,1561391978000,176
1179,199.48,1561391979000,124
1180,199.47834999999995,1561391980000,1538
1181,199.48,1561391981000,200
1182,199.478,1561391982000,75
1183,199.47745,1561391983000,166
1184,199.48,1561391984000,107
1185,199.48,1561391985000,200
1186,199.4801,1561391986000,1
1187,199.47899999999998,1561391987000,302
1188,199.47859999999997,1561391988000,100
1189,199.47,1561391989000,800
1190,199.46125,1561391990000,220
1191,199.46,1561391991000,215
1192,199.47,1561391992000,100
1193,199.47192307692302,1561391993000,922
1194,199.4786,1561391994000,3
1195,199.46800000000002,1561391995000,1100
1196,199.47,1561391996000,10
1197,199.4745,1561391997000,100
1198,199.48132499999997,1561391998000,244
1199,199.49,1561391999000,200
1200,199.4984,1561392000000,2
1201,199.5,1561392001000,10
1202,199.5,1561392002000,500
1203,199.497,1561392003000,203
1204,199.49450000000002,1561392004000,133
1205,199.51307692307694,1561392005000,638
1206,199.507,1561392006000,41
1207,199.51,1561392007000,362
1208,199.52,1561392008000,73
1209,199.5199,1561392009000,127
1210,199.52,1561392010000,101
1211,199.52833333333334,1561392011000,265
1212,199.54,1561392012000,157
1213,199.54799999999997,1561392013000,1183
1214,199.54115384615383,1561392014000,1326
1215,199.54,1561392015000,235
1216,199.55,1561392016000,10
1217,199.5599,1561392017000,100
1218,199.5581111111111,1561392018000,523
1219,199.56,1561392019000,100
1220,199.5584,1561392020000,120
1221,199.54503181818183,1561392021000,2218
1222,199.55,1561392022000,100
1223,199.555,1561392023000,100
1224,199.5552,1561392024000,25
1225,199.5501,1561392025000,1
1226,199.56,1561392026000,35
1227,199.555,1561392027000,100
1228,199.5541176470589,1561392028000,1096
1229,199.54,1561392029000,100
1230,199.535,1561392030000,6
1231,199.55499999999998,1561392031000,427
1232,199.56151999999997,1561392032000,351
1233,199.5599,1561392033000,1
1234,199.5519,1561392034000,25
1235,199.5517,1561392035000,4
1236,199.5506764705883,1561392036000,2978
1237,199.54842105263162,1561392037000,2383
1238,199.53334999999998,1561392038000,106
1239,199.535,1561392039000,200
1240,199.53,1561392040000,100
1241,199.5345,1561392041000,25
1242,199.54500000000002,1561392042000,240
1243,199.5575,1561392043000,110
1244,199.5501,1561392044000,5
1245,199.55,1561392045000,401
1246,199.532325,1561392046000,150
1247,199.53,1561392047000,1
1248,199.54827307692315,1561392048000,3136
1249,199.5564,1561392049000,200
1250,199.5599,1561392050000,1
1251,199.5599,1561392051000,2
1252,199.55000000000004,1561392052000,202
1253,199.54379999999998,1561392053000,304
1254,199.54004545454546,1561392054000,4500
1255,199.537125,1561392055000,217
1256,199.54,1561392056000,600
1257,199.54,1561392057000,2600
1258,199.5387142857143,1561392058000,3350
1259,199.533,1561392059000,2
1260,199.54,1561392060000,150
1261,199.53334999999998,1561392061000,104
1262,199.54000909090908,1561392062000,702
1263,199.5469,1561392063000,850
1264,199.54833333333332,1561392064000,176
1265,199.54893333333334,1561392065000,550
1266,199.53811428571427,1561392066000,564
1267,199.53,1561392067000,130
1268,199.53725,1561392068000,800
1269,199.54,1561392069000,100
1270,199.5418,1561392070000,402
1271,199.54749999999999,1561392071000,400
1272,199.555025,1561392072000,243
1273,199.56416666666667,1561392073000,286
1274,199.55581999999998,1561392074000,810
1275,199.5527,1561392075000,3
1276,199.56,1561392076000,100
1277,199.54871428571428,1561392077000,512
1278,199.54775,1561392078000,276
1279,199.557275,1561392079000,1272
1280,199.5672222222222,1561392080000,527
1281,199.56495,1561392081000,98
1282,199.55963636363632,1561392082000,885
1283,199.57173076923075,1561392083000,1981
1284,199.56,1561392084000,58
1285,199.57000000000002,1561392085000,400
1286,199.55804,1561392086000,512
1287,199.55,1561392087000,1
1288,199.555,1561392088000,10
1289,199.555,1561392089000,100
1290,199.5569,1561392090000,2
1291,199.5538,1561392091000,35
1292,199.552,1561392092000,65
1293,199.56,1561392093000,25
1294,199.56,1561392094000,75
1295,199.56,1561392095000,25
1296,199.559375,1561392096000,800
1297,199.56083333333333,1561392097000,600
1298,199.565,1561392098000,100
1299,199.56999999999996,1561392099000,659
1300,199.57,1561392100000,31
1301,199.57,1561392101000,69
1302,199.57,1561392102000,100
1303,199.57,1561392103000,14
1304,199.5683222222222,1561392104000,410
1305,199.5601,1561392105000,1
1306,199.557525,1561392106000,516
1307,199.5501,1561392107000,600
1308,199.55,1561392108000,30
1309,199.56,1561392109000,5
1310,199.5644,1561392110000,51
1311,199.57,1561392111000,100
1312,199.57,1561392112000,100
1313,199.57,1561392113000,14
1314,199.57,1561392114000,85
1315,199.57,1561392115000,1
1316,199.57,1561392116000,3
1317,199.56,1561392117000,100
1318,199.5501,1561392118000,4
1319,199.56,1561392119000,1
1320,199.56,1561392120000,4
1321,199.56,1561392121000,15
1322,199.565,1561392122000,100
1323,199.56,1561392123000,100
1324,199.55743999999999,1561392124000,404
1325,199.54857142857145,1561392125000,2690
1326,199.51749999999998,1561392126000,312
1327,199.52,1561392127000,100
1328,199.515,1561392128000,35
1329,199.51995,1561392129000,80
1330,199.51166666666666,1561392130000,209
1331,199.51,1561392131000,100
1332,199.50777777777776,1561392132000,1421
1333,199.4819,1561392133000,123
1334,199.48890624999996,1561392134000,1322
1335,199.5,1561392135000,34
1336,199.495,1561392136000,102
1337,199.49,1561392137000,670
1338,199.4899,1561392138000,1
1339,199.4854,1561392139000,1
1340,199.483,1561392140000,100
1341,199.49,1561392141000,100
1342,199.49,1561392142000,100
1343,199.49,1561392143000,56
1344,199.49,1561392144000,144
1345,199.5,1561392145000,300
1346,199.4916,1561392146000,24
1347,199.5,1561392147000,186
1348,199.495,1561392148000,100
1349,199.4901,1561392149000,25
1350,199.48974166666667,1561392150000,743
1351,199.4865,1561392151000,50
1352,199.485,1561392152000,100
1353,199.49166666666667,1561392153000,725
1354,199.49255,1561392154000,107
1355,199.498,1561392155000,405
1356,199.50818181818184,1561392156000,460
1357,199.515,1561392157000,438
1358,199.51054285714284,1561392158000,1212
1359,199.48813333333337,1561392159000,255
1360,199.4902,1561392160000,10
1361,199.4858,1561392161000,742
1362,199.485,1561392162000,100
1363,199.49,1561392163000,36
1364,199.49,1561392164000,100
1365,199.49,1561392165000,8
1366,199.49,1561392166000,264
1367,199.5,1561392167000,200
1368,199.49949999999998,1561392168000,900
1369,199.4999,1561392169000,50
1370,199.49,1561392170000,5
1371,199.49211428571428,1561392171000,354
1372,199.491,1561392172000,21
1373,199.5,1561392173000,2
1374,199.49,1561392174000,106
1375,199.49,1561392175000,40
1376,199.49823750000002,1561392176000,464
1377,199.5,1561392177000,300
1378,199.5,1561392178000,100
1379,199.49,1561392179000,13
1380,199.50387500000002,1561392180000,554
1381,199.51,1561392181000,150
1382,199.4965,1561392182000,101
1383,199.50875,1561392183000,449
1384,199.504,1561392184000,400
1385,199.51333333333332,1561392185000,534
1386,199.51940000000002,1561392186000,105
1387,199.5289249999999,1561392187000,1286
1388,199.5425,1561392188000,282
1389,199.545,1561392189000,114
1390,199.55499999999998,1561392190000,534
1391,199.57222222222225,1561392191000,1763
1392,199.5674,1561392192000,1
1393,199.56,1561392193000,70
1394,199.5684,1561392194000,3
1395,199.56645,1561392195000,216
1396,199.57164,1561392196000,470
1397,199.5673,1561392197000,51
1398,199.57,1561392198000,100
1399,199.5704222222222,1561392199000,565
1400,199.5715333333333,1561392200000,503
1401,199.56248333333335,1561392201000,144
1402,199.55299999999997,1561392202000,974
1403,199.5463,1561392203000,47
1404,199.54,1561392204000,453
1405,199.54166666666666,1561392205000,1700
1406,199.53,1561392206000,85
1407,199.53,1561392207000,13
1408,199.52642857142862,1561392208000,1134
1409,199.5316333333333,1561392209000,401
1410,199.52865,1561392210000,833
1411,199.55299999999997,1561392211000,782
1412,199.57,1561392212000,200
1413,199.57333333333335,1561392213000,300
1414,199.58,1561392214000,108
1415,199.58,1561392215000,14
1416,199.58375,1561392216000,214
1417,199.59,1561392217000,50
1418,199.57999999999998,1561392218000,700
1419,199.565,1561392219000,141
1420,199.56523333333334,1561392220000,851
1421,199.57,1561392221000,400
1422,199.5651,1561392222000,115
1423,199.57,1561392223000,100
1424,199.54550588235293,1561392224000,1350
1425,199.5474,1561392225000,500
1426,199.5499666666667,1561392226000,301
1427,199.552,1561392227000,100
1428,199.56,1561392228000,100
1429,199.57714285714286,1561392229000,460
1430,199.58,1561392230000,100
1431,199.5763,1561392231000,1
1432,199.57,1561392232000,100
1433,199.55799999999996,1561392233000,761
1434,199.5401,1561392234000,5
1435,199.5562571428571,1561392235000,564
1436,199.5583333333333,1561392236000,216
1437,199.5715,1561392237000,2
1438,199.58,1561392238000,200
1439,199.57,1561392239000,200
1440,199.56,1561392240000,4
1441,199.560025,1561392241000,230
1442,199.56663333333336,1561392242000,103
1443,199.57,1561392243000,1
1444,199.57,1561392244000,1
1445,199.57285714285712,1561392245000,1020
1446,199.575,1561392246000,185
1447,199.58300000000003,1561392247000,700
1448,199.585,1561392248000,1
1449,199.58923076923077,1561392249000,529
1450,199.58440000000002,1561392250000,204
1451,199.585,1561392251000,58
1452,199.58,1561392252000,100
1453,199.58,1561392253000,100
1454,199.58,1561392254000,510
1455,199.58,1561392255000,1
1456,199.58,1561392256000,100
1457,199.57,1561392257000,100
1458,199.57333333333335,1561392258000,752
1459,199.5852,1561392259000,50
1460,199.5835,1561392260000,2
1461,199.5701,1561392261000,150
1462,199.5849,1561392262000,113
1463,199.59,1561392263000,100
1464,199.58,1561392264000,2
1465,199.58,1561392265000,16
1466,199.57599999999996,1561392266000,543
1467,199.55999999999997,1561392267000,983
1468,199.555,1561392268000,500
1469,199.53200000000004,1561392269000,8072
1470,199.50500000000008,1561392270000,2763
1471,199.5276,1561392271000,70
1472,199.52505000000002,1561392272000,2
1473,199.523225,1561392273000,234
1474,199.52,1561392274000,500
1475,199.522875,1561392275000,823
1476,199.53,1561392276000,100
1477,199.52,1561392277000,100
1478,199.52031000000002,1561392278000,1454
1479,199.5325,1561392279000,235
1480,199.55,1561392280000,4
1481,199.545,1561392281000,10
1482,199.54,1561392282000,100
1483,199.54,1561392283000,300
1484,199.5201,1561392284000,2
1485,199.52,1561392285000,102
1486,199.51685,1561392286000,655
1487,199.51,1561392287000,3
1488,199.4971874999999,1561392288000,2891
1489,199.48,1561392289000,100
1490,199.48624999999998,1561392290000,696
1491,199.50666666666666,1561392291000,600
1492,199.5108,1561392292000,245
1493,199.5045,1561392293000,26
1494,199.5,1561392294000,1
1495,199.5,1561392295000,1
1496,199.51,1561392296000,48
1497,199.50733333333332,1561392297000,65
1498,199.50363636363636,1561392298000,1563
1499,199.5,1561392299000,4
1500,199.5,1561392300000,10
1501,199.5,1561392301000,4
1502,199.5,1561392302000,1
1503,199.5,1561392303000,2
1504,199.5,1561392304000,1
1505,199.495,1561392305000,3
1506,199.5,1561392306000,200
1507,199.47978260869564,1561392307000,1303
1508,199.44888888888892,1561392308000,1168
1509,199.4375,1561392309000,700
1510,199.4266,1561392310000,113
1511,199.42875000000004,1561392311000,400
1512,199.44,1561392312000,100
1513,199.43,1561392313000,100
1514,199.43,1561392314000,3
1515,199.43,1561392315000,4
1516,199.43000000000004,1561392316000,596
1517,199.43546,1561392317000,600
1518,199.43993333333333,1561392318000,2900
1519,199.4304545454546,1561392319000,1085
1520,199.42,1561392320000,1
1521,199.42,1561392321000,10
1522,199.42000000000004,1561392322000,290
1523,199.404705882353,1561392323000,748
1524,199.382625,1561392324000,106
1525,199.38916666666668,1561392325000,201
1526,199.402,1561392326000,700
1527,199.4064,1561392327000,72
1528,199.40185,1561392328000,28
1529,199.4000294117647,1561392329000,1623
1530,199.399,1561392330000,397
1531,199.4,1561392331000,1
1532,199.3845454545455,1561392332000,807
1533,199.375,1561392333000,80
1534,199.388,1561392334000,106
1535,199.39,1561392335000,44
1536,199.4,1561392336000,200
1537,199.4,1561392337000,300
1538,199.4,1561392338000,135
1539,199.4001,1561392339000,1000
1540,199.40760000000003,1561392340000,903
1541,199.3984,1561392341000,200
1542,199.395,1561392342000,3
1543,199.3952,1561392343000,8
1544,199.3901,1561392344000,7
1545,199.4,1561392345000,35
1546,199.4,1561392346000,100
1547,199.4,1561392347000,265
1548,199.41,1561392348000,33
1549,199.40833333333333,1561392349000,272
1550,199.4009,1561392350000,1202
1551,199.3973375,1561392351000,313
1552,199.4,1561392352000,237
1553,199.4049,1561392353000,2
1554,199.4116,1561392354000,99
1555,199.41,1561392355000,300
1556,199.42083333333332,1561392356000,700
1557,199.42625000000004,1561392357000,349
1558,199.4358,1561392358000,174
1559,199.4416666666667,1561392359000,451
1560,199.42457894736847,1561392360000,2628
1561,199.417,1561392361000,20
1562,199.4101,1561392362000,2
1563,199.4176,1561392363000,7
1564,199.4148,1561392364000,100
1565,199.41,1561392365000,25
1566,199.416,1561392366000,25
1567,199.42,1561392367000,100
1568,199.42,1561392368000,100
1569,199.42,1561392369000,100
1570,199.42000000000004,1561392370000,2400
1571,199.419975,1561392371000,212
1572,199.4189,1561392372000,3
1573,199.41333333333333,1561392373000,129
1574,199.43,1561392374000,90
1575,199.43,1561392375000,10
1576,199.43,1561392376000,310
1577,199.43,1561392377000,218
1578,199.4297,1561392378000,4
1579,199.4313571428572,1561392379000,212
1580,199.4097125,1561392380000,821
1581,199.40924285714286,1561392381000,458
1582,199.4,1561392382000,29
1583,199.4,1561392383000,310
1584,199.41,1561392384000,100
1585,199.411325,1561392385000,224
1586,199.42,1561392386000,207
1587,199.41815,1561392387000,175
1588,199.41336666666666,1561392388000,213
1589,199.41115000000002,1561392389000,177
1590,199.41333333333333,1561392390000,749
1591,199.37833333333367,1561392391000,8504
1592,199.36938271604959,1561392392000,9195
1593,199.37211612903224,1561392393000,4351
1594,199.38148333333334,1561392394000,1081
1595,199.3826,1561392395000,200
1596,199.39000000000001,1561392396000,712
1597,199.39,1561392397000,5
1598,199.39283333333333,1561392398000,68
1599,199.39,1561392399000,5
1600,199.39,1561392400000,475
1601,199.385,1561392401000,200
1602,199.385,1561392402000,3
1603,199.3848,1561392403000,1
1604,199.39,1561392404000,600
1605,199.39,1561392405000,100
1606,199.39,1561392406000,14
1607,199.39,1561392407000,14
1608,199.39,1561392408000,86
1609,199.39,1561392409000,100
1610,199.38,1561392410000,10
1611,199.4,1561392411000,3
1612,199.4,1561392412000,68
1613,199.40000000000006,1561392413000,600
1614,199.403,1561392414000,247
1615,199.39,1561392415000,4
1616,199.3997,1561392416000,12
1617,199.39326666666668,1561392417000,31
1618,199.39,1561392418000,100
1619,199.39,1561392419000,100
1620,199.3919,1561392420000,25
1621,199.4,1561392421000,82
1622,199.39,1561392422000,2
1623,199.4,1561392423000,350
1624,199.4001,1561392424000,20
1625,199.4,1561392425000,100
1626,199.4,1561392426000,100
1627,199.39081249999998,1561392427000,1440
1628,199.4,1561392428000,100
1629,199.3894,1561392429000,10
1630,199.4,1561392430000,100
1631,199.40002222222222,1561392431000,753
1632,199.4026,1561392432000,115
1633,199.38600000000002,1561392433000,9220
1634,199.39,1561392434000,200
1635,199.38125,1561392435000,124
1636,199.38,1561392436000,50
1637,199.3826368421053,1561392437000,1203
1638,199.38,1561392438000,7
1639,199.3818,1561392439000,24
1640,199.3898,1561392440000,1
1641,199.3899,1561392441000,1
1642,199.39,1561392442000,100
1643,199.38333333333333,1561392443000,300
1644,199.375,1561392444000,51
1645,199.3775,1561392445000,186
1646,199.38000000000008,1561392446000,600
1647,199.39399999999998,1561392447000,401
1648,199.41,1561392448000,10
1649,199.40852941176468,1561392449000,944
1650,199.4,1561392450000,100
1651,199.39204,1561392451000,515
1652,199.376475,1561392452000,212
1653,199.39,1561392453000,200
1654,199.382,1561392454000,578
1655,199.37,1561392455000,5
1656,199.37926666666667,1561392456000,300
1657,199.385,1561392457000,100
1658,199.385,1561392458000,100
1659,199.3899,1561392459000,2
1660,199.385,1561392460000,100
1661,199.38523333333333,1561392461000,400
1662,199.38067142857145,1561392462000,131
1663,199.381275,1561392463000,50
1664,199.39,1561392464000,1
1665,199.37444444444444,1561392465000,603
1666,199.37233333333333,1561392466000,161
1667,199.3799,1561392467000,1
1668,199.375,1561392468000,2
1669,199.38,1561392469000,100
1670,199.38,1561392470000,5
1671,199.3837,1561392471000,25
1672,199.385,1561392472000,10
1673,199.385,1561392473000,10
1674,199.3784909090909,1561392474000,956
1675,199.37,1561392475000,25
1676,199.37,1561392476000,100
1677,199.3683333333333,1561392477000,1189
1678,199.36243333333334,1561392478000,43
1679,199.37,1561392479000,100
1680,199.36,1561392480000,101
1681,199.3776,1561392481000,600
1682,199.36034,1561392482000,787
1683,199.37,1561392483000,1
1684,199.36495000000002,1561392484000,101
1685,199.36,1561392485000,200
1686,199.36995000000002,1561392486000,2
1687,199.3633166666667,1561392487000,1101
1688,199.37,1561392488000,20
1689,199.36100000000005,1561392489000,207
1690,199.34793333333334,1561392490000,17371
1691,199.32509166666668,1561392491000,952
1692,199.3211,1561392492000,4
1693,199.31899999999996,1561392493000,635
1694,199.34135416666666,1561392494000,3515
1695,199.33323076923077,1561392495000,3136
1696,199.3201,1561392496000,53
1697,199.328925,1561392497000,2429
1698,199.32,1561392498000,40
1699,199.31999999999996,1561392499000,670
1700,199.32584000000003,1561392500000,2200
1701,199.30575753424665,1561392501000,8306
1702,199.29599999999996,1561392502000,153
1703,199.29369090909088,1561392503000,1054
1704,199.30498333333333,1561392504000,198
1705,199.30786666666665,1561392505000,1426
1706,199.31,1561392506000,200
1707,199.3151,1561392507000,7
1708,199.316325,1561392508000,154
1709,199.2880285714286,1561392509000,5720
1710,199.27317499999998,1561392510000,3415
1711,199.2898,1561392511000,1
1712,199.2696105263158,1561392512000,4561
1713,199.26,1561392513000,5
1714,199.27,1561392514000,215
1715,199.265,1561392515000,115
1716,199.2625,1561392516000,75
1717,199.2731,1561392517000,418
1718,199.28,1561392518000,100
1719,199.28017000000006,1561392519000,2241
1720,199.29125,1561392520000,461
1721,199.2966666666667,1561392521000,110
1722,199.297525,1561392522000,302
1723,199.3,1561392523000,13
1724,199.3,1561392524000,187
1725,199.29886666666664,1561392525000,245
1726,199.305,1561392526000,40
1727,199.29916666666668,1561392527000,424
1728,199.29670000000002,1561392528000,113
1729,199.29,1561392529000,170
1730,199.29109999999997,1561392530000,489
1731,199.293475,1561392531000,26
1732,199.2857,1561392532000,20
1733,199.2801,1561392533000,21
1734,199.2867,1561392534000,1421
1735,199.2801,1561392535000,10
1736,199.2975,1561392536000,189
1737,199.284,1561392537000,839
1738,199.26,1561392538000,50
1739,199.27666666666667,1561392539000,100
1740,199.28142857142856,1561392540000,502
1741,199.2875,1561392541000,28
1742,199.29406666666668,1561392542000,32
1743,199.2898,1561392543000,16
1744,199.29,1561392544000,100
1745,199.29,1561392545000,26
1746,199.3,1561392546000,14
1747,199.30545454545452,1561392547000,621
1748,199.3004,1561392548000,1
1749,199.32,1561392549000,100
1750,199.31454545454542,1561392550000,529
1751,199.31,1561392551000,1
1752,199.305,1561392552000,100
1753,199.3,1561392553000,20
1754,199.3,1561392554000,20
1755,199.3,1561392555000,100
1756,199.3,1561392556000,24
1757,199.3,1561392557000,23
1758,199.3,1561392558000,18
1759,199.29793636363635,1561392559000,1957
1760,199.30999999999997,1561392560000,646
1761,199.31494999999995,1561392561000,229
1762,199.316,1561392562000,2
1763,199.31673333333333,1561392563000,205
1764,199.32975000000002,1561392564000,395
1765,199.33316666666667,1561392565000,400
1766,199.33785714285713,1561392566000,700
1767,199.33173333333332,1561392567000,150
1768,199.34,1561392568000,1
1769,199.3439,1561392569000,530
1770,199.349,1561392570000,341
1771,199.35750000000007,1561392571000,2412
1772,199.35,1561392572000,100
1773,199.3416,1561392573000,24
1774,199.34024166666666,1561392574000,1406
1775,199.33,1561392575000,100
1776,199.33695,1561392576000,145
1777,199.33,1561392577000,1
1778,199.3201,1561392578000,1
1779,199.33,1561392579000,100
1780,199.33,1561392580000,100
1781,199.335,1561392581000,30
1782,199.32,1561392582000,100
1783,199.31999999999996,1561392583000,433
1784,199.33858571428573,1561392584000,735
1785,199.3077833333334,1561392585000,2837
1786,199.32,1561392586000,100
1787,199.3106,1561392587000,5
1788,199.31,1561392588000,146
1789,199.31,1561392589000,32
1790,199.31499999999997,1561392590000,1037
1791,199.32,1561392591000,10
1792,199.31999999999996,1561392592000,201
1793,199.33,1561392593000,91
1794,199.3212,1561392594000,178
1795,199.3286571428571,1561392595000,879
1796,199.3146,1561392596000,6
1797,199.32,1561392597000,100
1798,199.31874999999997,1561392598000,400
1799,199.3198,1561392599000,128
1800,199.31763333333333,1561392600000,11
1801,199.32198,1561392601000,211
1802,199.32,1561392602000,90
1803,199.3199,1561392603000,12
1804,199.325,1561392604000,538
1805,199.34,1561392605000,200
1806,199.33290000000002,1561392606000,550
1807,199.34,1561392607000,100
1808,199.3519047619048,1561392608000,1546
1809,199.35176666666666,1561392609000,108
1810,199.346,1561392610000,100
1811,199.34181666666666,1561392611000,409
1812,199.3454,1561392612000,100
1813,199.36,1561392613000,205
1814,199.3694444444444,1561392614000,739
1815,199.368025,1561392615000,1117
1816,199.37,1561392616000,5
1817,199.3671,1561392617000,1
1818,199.3636,1561392618000,200
1819,199.36,1561392619000,100
1820,199.36055555555558,1561392620000,696
1821,199.33240740740735,1561392621000,1912
1822,199.3281,1561392622000,1
1823,199.3399,1561392623000,1
1824,199.32,1561392624000,100
1825,199.32,1561392625000,100
1826,199.32000000000002,1561392626000,300
1827,199.32,1561392627000,100
1828,199.3127,1561392628000,1300
1829,199.3183333333333,1561392629000,300
1830,199.32564999999997,1561392630000,305
1831,199.3249,1561392631000,30
1832,199.3299,1561392632000,30
1833,199.33,1561392633000,6
1834,199.325,1561392634000,1
1835,199.325,1561392635000,1
1836,199.31854444444443,1561392636000,467
1837,199.3166666666667,1561392637000,201
1838,199.3092333333333,1561392638000,603
1839,199.3079,1561392639000,522
1840,199.32,1561392640000,1
1841,199.3199,1561392641000,1
1842,199.3,1561392642000,100
1843,199.29857142857142,1561392643000,513
1844,199.2952,1561392644000,128
1845,199.29500000000002,1561392645000,148
1846,199.29583333333335,1561392646000,124
1847,199.3,1561392647000,190
1848,199.3007,1561392648000,135
1849,199.31,1561392649000,100
1850,199.31,1561392650000,200
1851,199.3005,1561392651000,1602
1852,199.30333333333337,1561392652000,900
1853,199.30699999999996,1561392653000,260
1854,199.31005,1561392654000,201
1855,199.315,1561392655000,7
1856,199.3101,1561392656000,6
1857,199.30909090909088,1561392657000,732
1858,199.3126,1561392658000,1
1859,199.31,1561392659000,2
1860,199.3039,1561392660000,50
1861,199.30837999999997,1561392661000,719
1862,199.31,1561392662000,5
1863,199.3118,1561392663000,549
1864,199.30523333333335,1561392664000,27
1865,199.29999999999998,1561392665000,739
1866,199.29,1561392666000,179
1867,199.3,1561392667000,100
1868,199.29,1561392668000,19
1869,199.28635454545454,1561392669000,746
1870,199.28,1561392670000,200
1871,199.29415454545452,1561392671000,704
1872,199.308,1561392672000,369
1873,199.30401999999998,1561392673000,239
1874,199.305,1561392674000,298
1875,199.305,1561392675000,1
1876,199.3,1561392676000,25
1877,199.30499999999998,1561392677000,73
1878,199.29958163265312,1561392678000,5616
1879,199.30162,1561392679000,861
1880,199.3052,1561392680000,24
1881,199.3001,1561392681000,1
1882,199.31,1561392682000,10
1883,199.3,1561392683000,19
1884,199.29923076923086,1561392684000,1195
1885,199.28494999999998,1561392685000,3
1886,199.28,1561392686000,2
1887,199.28725,1561392687000,97
1888,199.28,1561392688000,5
1889,199.2875090909091,1561392689000,738
1890,199.2801,1561392690000,5
1891,199.29,1561392691000,101
1892,199.28,1561392692000,587
1893,199.28766666666664,1561392693000,810
1894,199.28555,1561392694000,30
1895,199.28900666666667,1561392695000,1140
1896,199.3,1561392696000,100
1897,199.29863999999998,1561392697000,229
1898,199.29,1561392698000,2
1899,199.28951999999998,1561392699000,627
1900,199.285,1561392700000,1
1901,199.283,1561392701000,9
1902,199.29,1561392702000,100
1903,199.29,1561392703000,100
1904,199.29,1561392704000,100
1905,199.295,1561392705000,328
1906,199.3,1561392706000,100
1907,199.31,1561392707000,198
1908,199.30330000000004,1561392708000,301
1909,199.29883571428567,1561392709000,1599
1910,199.3,1561392710000,21
1911,199.2935,1561392711000,100
1912,199.29,1561392712000,5
1913,199.29399999999998,1561392713000,42
1914,199.2901,1561392714000,20
1915,199.28998333333334,1561392715000,545
1916,199.28,1561392716000,329
1917,199.274,1561392717000,124
1918,199.267265,1561392718000,1464
1919,199.2748,1561392719000,102
1920,199.29,1561392720000,100
1921,199.2999,1561392721000,1
1922,199.29950000000002,1561392722000,130
1923,199.2993,1561392723000,1
1924,199.29916666666665,1561392724000,377
1925,199.3001,1561392725000,900
1926,199.305,1561392726000,101
1927,199.3011,1561392727000,30
1928,199.3,1561392728000,72
1929,199.29999999999998,1561392729000,544
1930,199.31,1561392730000,37
1931,199.31,1561392731000,63
1932,199.29132352941178,1561392732000,2844
1933,199.24761627906972,1561392733000,3013
1934,199.2242578947368,1561392734000,1621
1935,199.2216,1561392735000,700
1936,199.2399,1561392736000,3
1937,199.2399,1561392737000,1000
1938,199.2286,1561392738000,200
1939,199.23666666666668,1561392739000,425
1940,199.2393,1561392740000,300
1941,199.23,1561392741000,9
1942,199.23,1561392742000,91
1943,199.2275,1561392743000,346
1944,199.21004615384618,1561392744000,1604
1945,199.20134545454547,1561392745000,440
1946,199.19414615384608,1561392746000,5799
1947,199.1802,1561392747000,716
1948,199.19666666666663,1561392748000,235
1949,199.18999999999997,1561392749000,375
1950,199.176875,1561392750000,1486
1951,199.20357142857145,1561392751000,600
1952,199.2,1561392752000,100
1953,199.21,1561392753000,135
1954,199.21,1561392754000,100
1955,199.21026666666668,1561392755000,403
1956,199.22,1561392756000,9
1957,199.22,1561392757000,501
1958,199.2199,1561392758000,2
1959,199.2165,1561392759000,3
1960,199.22,1561392760000,45
1961,199.22,1561392761000,15
1962,199.22,1561392762000,40
1963,199.22,1561392763000,100
1964,199.22,1561392764000,28
1965,199.22414999999998,1561392765000,18
1966,199.2299,1561392766000,1
1967,199.23,1561392767000,15
1968,199.23,1561392768000,100
1969,199.23495,1561392769000,6
1970,199.2306,1561392770000,5
1971,199.24,1561392771000,35
1972,199.24,1561392772000,9
1973,199.2394,1561392773000,974
1974,199.232,1561392774000,56
1975,199.23,1561392775000,100
1976,199.23735000000002,1561392776000,765
1977,199.2399,1561392777000,1
1978,199.23,1561392778000,100
1979,199.2399,1561392779000,2
1980,199.2399,1561392780000,1
1981,199.2301,1561392781000,2
1982,199.22557499999996,1561392782000,616
1983,199.21996666666666,1561392783000,119
1984,199.22833333333332,1561392784000,135
1985,199.22,1561392785000,100
1986,199.22,1561392786000,15
1987,199.23,1561392787000,26
1988,199.23,1561392788000,83
1989,199.23,1561392789000,26
1990,199.2214,1561392790000,60
1991,199.2253,1561392791000,110
1992,199.2284,1561392792000,100
1993,199.2299,1561392793000,200
1994,199.227375,1561392794000,350
1995,199.2204,1561392795000,6
1996,199.22,1561392796000,3
1997,199.22890952380948,1561392797000,1458
1998,199.23,1561392798000,526
1999,199.2315,1561392799000,9
2000,199.23,1561392800000,10
2001,199.22928571428568,1561392801000,707
2002,199.225,1561392802000,25
2003,199.20826086956518,1561392803000,2299
2004,199.21,1561392804000,100
2005,199.20906666666667,1561392805000,431
2006,199.21812500000001,1561392806000,518
2007,199.225,1561392807000,2
2008,199.22626250000002,1561392808000,473
2009,199.23,1561392809000,200
2010,199.22636249999994,1561392810000,1745
2011,199.23530769230763,1561392811000,4952
2012,199.2388888888889,1561392812000,830
2013,199.233,1561392813000,15
2014,199.2341,1561392814000,200
2015,199.24,1561392815000,5
2016,199.2332,1561392816000,2
2017,199.23006666666666,1561392817000,201
2018,199.24,1561392818000,100
2019,199.2412375,1561392819000,212
2020,199.24591111111113,1561392820000,460
2021,199.25999285714286,1561392821000,978
2022,199.26,1561392822000,100
2023,199.26,1561392823000,60
2024,199.27,1561392824000,100
2025,199.25,1561392825000,100
2026,199.2501,1561392826000,6
2027,199.2527,1561392827000,57
2028,199.2511,1561392828000,5
2029,199.257,1561392829000,29
2030,199.255,1561392830000,100
2031,199.25,1561392831000,10
2032,199.2532,1561392832000,10
2033,199.24,1561392833000,1393
2034,199.21200000000002,1561392834000,493
2035,199.2298,1561392835000,100
2036,199.23857142857145,1561392836000,450
2037,199.25666666666666,1561392837000,200
2038,199.24769999999995,1561392838000,1257
2039,199.26,1561392839000,1
2040,199.26,1561392840000,3
2041,199.24765,1561392841000,52
2042,199.23928571428573,1561392842000,802
2043,199.24,1561392843000,587
2044,199.24,1561392844000,352
2045,199.24,1561392845000,200
2046,199.23913333333334,1561392846000,138
2047,199.2301,1561392847000,22
2048,199.22602222222224,1561392848000,886
2049,199.2128,1561392849000,20
2050,199.2284,1561392850000,2
2051,199.2256,1561392851000,1292
2052,199.23375,1561392852000,306
2053,199.2448,1561392853000,1835
2054,199.25,1561392854000,300
2055,199.26,1561392855000,10
2056,199.25166666666667,1561392856000,1100
2057,199.23479999999998,1561392857000,109
2058,199.23,1561392858000,100
2059,199.2301,1561392859000,2
2060,199.2402,1561392860000,500
2061,199.23,1561392861000,100
2062,199.23,1561392862000,2
2063,199.23,1561392863000,303
2064,199.2201,1561392864000,6
2065,199.22605,1561392865000,67
2066,199.22799999999998,1561392866000,384
2067,199.225,1561392867000,190
2068,199.22,1561392868000,100
2069,199.22255,1561392869000,101
2070,199.229,1561392870000,16
2071,199.23,1561392871000,4
2072,199.22,1561392872000,150
2073,199.23,1561392873000,50
2074,199.23,1561392874000,35
2075,199.23,1561392875000,790
2076,199.23,1561392876000,170
2077,199.23,1561392877000,100
2078,199.2337,1561392878000,148
2079,199.2365,1561392879000,224
2080,199.24,1561392880000,400
2081,199.2453,1561392881000,100
2082,199.2484,1561392882000,1
2083,199.25,1561392883000,200
2084,199.25,1561392884000,400
2085,199.2543,1561392885000,147
2086,199.25,1561392886000,26
2087,199.25,1561392887000,474
2088,199.2483,1561392888000,201
2089,199.25,1561392889000,100
2090,199.25,1561392890000,100
2091,199.2477,1561392891000,369
2092,199.24882857142862,1561392892000,607
2093,199.258,1561392893000,15
2094,199.25,1561392894000,18
2095,199.25,1561392895000,82
2096,199.25,1561392896000,256
2097,199.247,1561392897000,440
2098,199.2655625,1561392898000,659
2099,199.26505,1561392899000,350
2100,199.27,1561392900000,200
2101,199.26226666666665,1561392901000,126
2102,199.26215,1561392902000,736
2103,199.248125,1561392903000,973
2104,199.246875,1561392904000,325
2105,199.24,1561392905000,155
2106,199.2468,1561392906000,7
2107,199.25279999999998,1561392907000,155
2108,199.25333333333333,1561392908000,4
2109,199.2599,1561392909000,9
2110,199.25,1561392910000,100
2111,199.25,1561392911000,100
2112,199.2575,1561392912000,305
2113,199.26546666666664,1561392913000,52
2114,199.2601,1561392914000,2
2115,199.28,1561392915000,36
2116,199.274,1561392916000,172
2117,199.27972727272729,1561392917000,637
2118,199.27833333333334,1561392918000,240
2119,199.28,1561392919000,100
2120,199.274,1561392920000,400
2121,199.28,1561392921000,100
2122,199.28,1561392922000,100
2123,199.2741,1561392923000,103
2124,199.29138888888895,1561392924000,1396
2125,199.3,1561392925000,100
2126,199.31000000000003,1561392926000,135
2127,199.31,1561392927000,1
2128,199.3166,1561392928000,3500
2129,199.3183333333333,1561392929000,400
2130,199.32,1561392930000,413
2131,199.32,1561392931000,224
2132,199.3148884615384,1561392932000,1134
2133,199.3156333333333,1561392933000,255
2134,199.31886666666665,1561392934000,145
2135,199.32,1561392935000,6
2136,199.32035000000002,1561392936000,414
2137,199.3275,1561392937000,50
2138,199.3207,1561392938000,23
2139,199.32,1561392939000,2
2140,199.32,1561392940000,7
2141,199.3221,1561392941000,1000
2142,199.325,1561392942000,100
2143,199.33,1561392943000,50
2144,199.33049999999997,1561392944000,719
2145,199.3307142857143,1561392945000,600
2146,199.33,1561392946000,200
2147,199.33,1561392947000,4
2148,199.33,1561392948000,596
2149,199.33,1561392949000,100
2150,199.325,1561392950000,100
2151,199.3228,1561392951000,60
2152,199.325825,1561392952000,592
2153,199.32702,1561392953000,278
2154,199.32000000000002,1561392954000,997
2155,199.3089,1561392955000,2
2156,199.3168,1561392956000,30
2157,199.315,1561392957000,100
2158,199.30755,1561392958000,106
2159,199.29999999999998,1561392959000,213
2160,199.3099,1561392960000,2
2161,199.30999999999997,1561392961000,700
2162,199.31283333333332,1561392962000,47
2163,199.30358999999999,1561392963000,1785
2164,199.305,1561392964000,110
2165,199.3,1561392965000,26
2166,199.3023,1561392966000,5
2167,199.312,1561392967000,415
2168,199.31,1561392968000,1
2169,199.315,1561392969000,1
2170,199.32,1561392970000,10
2171,199.3199,1561392971000,1
2172,199.31,1561392972000,13
2173,199.3083333333333,1561392973000,406
2174,199.31,1561392974000,1
2175,199.31,1561392975000,100
2176,199.3098,1561392976000,103
2177,199.31,1561392977000,20
2178,199.27559166666663,1561392978000,322
2179,199.32,1561392979000,2
2180,199.31,1561392980000,100
2181,199.318775,1561392981000,2212
2182,199.31,1561392982000,3
2183,199.3075,1561392983000,10
2184,199.32,1561392984000,100
2185,199.32,1561392985000,100
2186,199.30725,1561392986000,1913
2187,199.3099,1561392987000,4
2188,199.30995000000001,1561392988000,115
2189,199.324,1561392989000,423
2190,199.33779999999996,1561392990000,728
2191,199.3392,1561392991000,100
2192,199.345,1561392992000,45
2193,199.3499,1561392993000,18
2194,199.3403,1561392994000,4
2195,199.345,1561392995000,5
2196,199.3401,1561392996000,4
2197,199.34826666666666,1561392997000,300
2198,199.3401,1561392998000,33
2199,199.34,1561392999000,501
2200,199.34,1561393000000,100
2201,199.335,1561393001000,90
2202,199.34,1561393002000,100
2203,199.34916666666663,1561393003000,1613
2204,199.35,1561393004000,3
2205,199.35,1561393005000,100
2206,199.343,1561393006000,23
2207,199.34,1561393007000,22
2208,199.34260000000003,1561393008000,128
2209,199.35,1561393009000,102
2210,199.34302,1561393010000,2828
2211,199.34366666666668,1561393011000,127
2212,199.34,1561393012000,588
2213,199.32749166666665,1561393013000,1019
2214,199.32571428571427,1561393014000,700
2215,199.332175,1561393015000,305
2216,199.3299,1561393016000,1
2217,199.33,1561393017000,9
2218,199.32559999999998,1561393018000,1601
2219,199.33,1561393019000,100
2220,199.33,1561393020000,4
2221,199.327875,1561393021000,630
2222,199.33266666666668,1561393022000,136
2223,199.3275,1561393023000,200
2224,199.3333,1561393024000,30
2225,199.34,1561393025000,500
2226,199.3428,1561393026000,103
2227,199.3401,1561393027000,1
2228,199.345,1561393028000,1
2229,199.35,1561393029000,100
2230,199.35,1561393030000,100
2231,199.35,1561393031000,100
2232,199.35,1561393032000,98
2233,199.359,1561393033000,802
2234,199.36,1561393034000,100
2235,199.35680000000002,1561393035000,106
2236,199.3548,1561393036000,2
2237,199.35,1561393037000,100
2238,199.34999999999997,1561393038000,605
2239,199.35,1561393039000,100
2240,199.35998,1561393040000,263
2241,199.3699,1561393041000,2
2242,199.37,1561393042000,1
2243,199.3604,1561393043000,100
2244,199.36041428571428,1561393044000,401
2245,199.35,1561393045000,15
2246,199.345,1561393046000,3
2247,199.3458,1561393047000,150
2248,199.3499,1561393048000,1
2249,199.35,1561393049000,100
2250,199.3484,1561393050000,113
2251,199.3475,1561393051000,302
2252,199.33934285714284,1561393052000,936
2253,199.33,1561393053000,100
2254,199.33,1561393054000,1
2255,199.33,1561393055000,1
2256,199.33048181818182,1561393056000,1144
2257,199.33,1561393057000,100
2258,199.32,1561393058000,65
2259,199.33,1561393059000,100
2260,199.32333333333335,1561393060000,228
2261,199.32,1561393061000,4
2262,199.3244583333333,1561393062000,604
2263,199.34,1561393063000,2
2264,199.33375,1561393064000,102
2265,199.3265,1561393065000,37
2266,199.32,1561393066000,100
2267,199.33,1561393067000,100
2268,199.32000000000002,1561393068000,460
2269,199.32316,1561393069000,36
2270,199.325,1561393070000,100
2271,199.32,1561393071000,46
2272,199.3299,1561393072000,100
2273,199.325,1561393073000,100
2274,199.3299,1561393074000,9
2275,199.32,1561393075000,95
2276,199.32,1561393076000,249
2277,199.32,1561393077000,3
2278,199.32,1561393078000,4
2279,199.32,1561393079000,346
2280,199.31142857142854,1561393080000,315
2281,199.29429285714286,1561393081000,1274
2282,199.2893,1561393082000,8
2283,199.2815,1561393083000,1
2284,199.28,1561393084000,428
2285,199.27583333333334,1561393085000,464
2286,199.285,1561393086000,1
2287,199.285,1561393087000,100
2288,199.2825,1561393088000,300
2289,199.27123333333336,1561393089000,70
2290,199.28272727272727,1561393090000,853
2291,199.28,1561393091000,100
2292,199.2801,1561393092000,1
2293,199.2966666666667,1561393093000,110
2294,199.28538333333333,1561393094000,329
2295,199.28,1561393095000,183
2296,199.28,1561393096000,1
2297,199.28,1561393097000,5
2298,199.28,1561393098000,95
2299,199.28642857142856,1561393099000,500
2300,199.3,1561393100000,1
2301,199.2967,1561393101000,6
2302,199.29,1561393102000,100
2303,199.2901,1561393103000,1
2304,199.295,1561393104000,10
2305,199.30001428571427,1561393105000,601
2306,199.3075,1561393106000,101
2307,199.3108,1561393107000,1
2308,199.3135,1561393108000,123
2309,199.3166666666667,1561393109000,166
2310,199.32,1561393110000,100
2311,199.32,1561393111000,324
2312,199.3244666666667,1561393112000,401
2313,199.32526666666664,1561393113000,450
2314,199.33682272727276,1561393114000,1390
2315,199.35,1561393115000,71
2316,199.3435,1561393116000,4
2317,199.343,1561393117000,24
2318,199.345,1561393118000,300
2319,199.34,1561393119000,100
2320,199.34,1561393120000,19
2321,199.34,1561393121000,18
2322,199.32498947368416,1561393122000,5587
2323,199.312475,1561393123000,6
2324,199.30398,1561393124000,238
2325,199.31,1561393125000,109
2326,199.305,1561393126000,14
2327,199.31,1561393127000,2
2328,199.30495000000002,1561393128000,21
2329,199.303,1561393129000,10
2330,199.3,1561393130000,1
2331,199.305,1561393131000,18
2332,199.3099,1561393132000,1
2333,199.31,1561393133000,13
2334,199.31000000000003,1561393134000,400
2335,199.31025,1561393135000,150
2336,199.3075,1561393136000,90
2337,199.3065,1561393137000,100
2338,199.30849999999998,1561393138000,430
2339,199.30998333333332,1561393139000,425
2340,199.3,1561393140000,100
2341,199.3,1561393141000,248
2342,199.30583333333334,1561393142000,464
2343,199.3,1561393143000,93
2344,199.29970588235298,1561393144000,1267
2345,199.304,1561393145000,706
2346,199.305,1561393146000,100
2347,199.3,1561393147000,100
2348,199.3,1561393148000,200
2349,199.29333333333332,1561393149000,36
2350,199.28,1561393150000,100
2351,199.2694769230769,1561393151000,743
2352,199.27997499999998,1561393152000,302
2353,199.278775,1561393153000,877
2354,199.2728,1561393154000,108
2355,199.27,1561393155000,100
2356,199.28,1561393156000,2
2357,199.2775,1561393157000,101
2358,199.291,1561393158000,500
2359,199.30049999999997,1561393159000,373
2360,199.30330000000004,1561393160000,149
2361,199.305,1561393161000,3
2362,199.305,1561393162000,100
2363,199.31,1561393163000,100
2364,199.31,1561393164000,400
2365,199.32,1561393165000,2
2366,199.31,1561393166000,49
2367,199.31,1561393167000,49
2368,199.30701428571427,1561393168000,588
2369,199.31,1561393169000,100
2370,199.31,1561393170000,100
2371,199.3007842105263,1561393171000,1792
2372,199.3050333333333,1561393172000,3
2373,199.2937,1561393173000,77
2374,199.2871857142857,1561393174000,1370
2375,199.28149999999997,1561393175000,65
2376,199.28155555555554,1561393176000,686
2377,199.2879,1561393177000,50
2378,199.2801,1561393178000,50
2379,199.29,1561393179000,25
2380,199.292,1561393180000,25
2381,199.289,1561393181000,809
2382,199.292,1561393182000,1
2383,199.2865,1561393183000,100
2384,199.285,1561393184000,100
2385,199.285,1561393185000,16
2386,199.28,1561393186000,100
2387,199.28,1561393187000,7
2388,199.2835,1561393188000,7
2389,199.28,1561393189000,50
2390,199.28,1561393190000,500
2391,199.28,1561393191000,660
2392,199.2700142857143,1561393192000,367
2393,199.27418333333333,1561393193000,206
2394,199.25,1561393194000,50
2395,199.25696,1561393195000,409
2396,199.25,1561393196000,1
2397,199.255,1561393197000,50
2398,199.2578,1561393198000,485
2399,199.26,1561393199000,1
2400,199.255,1561393200000,1
2401,199.26374444444443,1561393201000,650
2402,199.26,1561393202000,100
2403,199.26142857142855,1561393203000,1300
2404,199.27,1561393204000,200
2405,199.2671,1561393205000,300
2406,199.26,1561393206000,30
2407,199.26,1561393207000,702
2408,199.2599,1561393208000,2
2409,199.255,1561393209000,127
2410,199.25799999999998,1561393210000,2232
2411,199.264,1561393211000,569
2412,199.27,1561393212000,700
2413,199.26024999999998,1561393213000,32
2414,199.26765,1561393214000,140
2415,199.265,1561393215000,100
2416,199.265,1561393216000,1
2417,199.26,1561393217000,100
2418,199.26,1561393218000,100
2419,199.25571428571428,1561393219000,1302
2420,199.24816666666666,1561393220000,569
2421,199.25,1561393221000,1
2422,199.24,1561393222000,2
2423,199.24,1561393223000,19
2424,199.24,1561393224000,461
2425,199.24,1561393225000,121
2426,199.23395,1561393226000,333
2427,199.23,1561393227000,558
2428,199.22,1561393228000,50
2429,199.23499999999999,1561393229000,1100
2430,199.238,1561393230000,460
2431,199.23,1561393231000,19
2432,199.23227000000003,1561393232000,948
2433,199.22,1561393233000,1
2434,199.22,1561393234000,300
2435,199.22,1561393235000,2
2436,199.22444444444443,1561393236000,1819
2437,199.23,1561393237000,100
2438,199.23,1561393238000,4
2439,199.23,1561393239000,80
2440,199.23222222222222,1561393240000,810
2441,199.23,1561393241000,118
2442,199.22226,1561393242000,600
2443,199.22,1561393243000,16
2444,199.23,1561393244000,16
2445,199.22,1561393245000,90
2446,199.22,1561393246000,613
2447,199.20333333333335,1561393247000,155
2448,199.22861666666665,1561393248000,657
2449,199.23375,1561393249000,500
2450,199.234,1561393250000,175
2451,199.23,1561393251000,35
2452,199.24,1561393252000,200
2453,199.24,1561393253000,200
2454,199.24,1561393254000,100
2455,199.24,1561393255000,117
2456,199.24425,1561393256000,8
2457,199.25,1561393257000,143
2458,199.2401,1561393258000,22
2459,199.24743333333333,1561393259000,113
2460,199.2541076923077,1561393260000,938
2461,199.2576,1561393261000,6
2462,199.25375,1561393262000,181
2463,199.26,1561393263000,401
2464,199.2501,1561393264000,2
2465,199.25249999999997,1561393265000,400
2466,199.25934999999998,1561393266000,209
2467,199.23998,1561393267000,1201
2468,199.2322,1561393268000,35
2469,199.24,1561393269000,17
2470,199.23785714285717,1561393270000,483
2471,199.2401,1561393271000,101
2472,199.25,1561393272000,72
2473,199.24,1561393273000,100
2474,199.24,1561393274000,14
2475,199.24,1561393275000,200
2476,199.24,1561393276000,200
2477,199.245,1561393277000,100
2478,199.235,1561393278000,100
2479,199.235,1561393279000,100
2480,199.23611111111114,1561393280000,338
2481,199.23045714285715,1561393281000,543
2482,199.23701666666668,1561393282000,335
2483,199.2301,1561393283000,8
2484,199.2329,1561393284000,62
2485,199.22666666666666,1561393285000,302
2486,199.2,1561393286000,100
2487,199.2075,1561393287000,370
2488,199.20695454545455,1561393288000,2286
2489,199.209,1561393289000,714
2490,199.2149,1561393290000,3
2491,199.21,1561393291000,100
2492,199.21,1561393292000,622
2493,199.2131,1561393293000,300
2494,199.22,1561393294000,1
2495,199.22,1561393295000,100
2496,199.22,1561393296000,100
2497,199.22,1561393297000,335
2498,199.22494999999998,1561393298000,201
2499,199.22,1561393299000,100
2500,199.22,1561393300000,3
2501,199.22,1561393301000,19
2502,199.21833333333333,1561393302000,134
2503,199.2184,1561393303000,10
2504,199.21,1561393304000,2
2505,199.20749999999998,1561393305000,535
2506,199.2,1561393306000,80
2507,199.20875,1561393307000,309
2508,199.20175,1561393308000,100
2509,199.20137142857138,1561393309000,356
2510,199.19923076923075,1561393310000,1355
2511,199.20105,1561393311000,109
2512,199.185,1561393312000,533
2513,199.17253333333335,1561393313000,595
2514,199.18,1561393314000,100
2515,199.17999999999998,1561393315000,201
2516,199.18,1561393316000,99
2517,199.175,1561393317000,100
2518,199.1799,1561393318000,1
2519,199.1701,1561393319000,125
2520,199.1800166666667,1561393320000,505
2521,199.1899,1561393321000,500
2522,199.1875,1561393322000,101
2523,199.19083333333333,1561393323000,241
2524,199.19928571428568,1561393324000,855
2525,199.18935,1561393325000,380
2526,199.1923,1561393326000,20
2527,199.195,1561393327000,200
2528,199.195,1561393328000,100
2529,199.17998000000009,1561393329000,6079
2530,199.17,1561393330000,100
2531,199.18,1561393331000,100
2532,199.1799,1561393332000,1
2533,199.17,1561393333000,100
2534,199.16666666666666,1561393334000,130
2535,199.18,1561393335000,42
2536,199.17981999999995,1561393336000,1594
2537,199.18,1561393337000,19
2538,199.18,1561393338000,81
2539,199.18,1561393339000,100
2540,199.18,1561393340000,100
2541,199.175,1561393341000,100
2542,199.18,1561393342000,100
2543,199.1875,1561393343000,150
2544,199.18949999999998,1561393344000,180
2545,199.197,1561393345000,45
2546,199.19,1561393346000,300
2547,199.18877142857144,1561393347000,700
2548,199.1794,1561393348000,12
2549,199.16785714285714,1561393349000,487
2550,199.1662,1561393350000,200
2551,199.17,1561393351000,100
2552,199.1766666666667,1561393352000,476
2553,199.19,1561393353000,100
2554,199.19,1561393354000,53
2555,199.185,1561393355000,100
2556,199.185,1561393356000,100
2557,199.1875,1561393357000,400
2558,199.19,1561393358000,1
2559,199.185,1561393359000,100
2560,199.19177999999997,1561393360000,399
2561,199.19000000000003,1561393361000,571
2562,199.19,1561393362000,4
2563,199.19,1561393363000,200
2564,199.19,1561393364000,24
2565,199.1901,1561393365000,1
2566,199.189,1561393366000,543
2567,199.1999,1561393367000,1
2568,199.1933,1561393368000,1
2569,199.19998571428573,1561393369000,301
2570,199.2,1561393370000,21
2571,199.21,1561393371000,2
2572,199.206,1561393372000,200
2573,199.20847647058824,1561393373000,1288
2574,199.21155000000002,1561393374000,110
2575,199.21,1561393375000,100
2576,199.2001,1561393376000,20
2577,199.2026,1561393377000,24
2578,199.205,1561393378000,100
2579,199.2,1561393379000,5
2580,199.2037,1561393380000,46
2581,199.20000000000002,1561393381000,455
2582,199.20875,1561393382000,759
2583,199.20499999999998,1561393383000,113
2584,199.21906818181816,1561393384000,2376
2585,199.21,1561393385000,413
2586,199.22,1561393386000,100
2587,199.22625,1561393387000,85
2588,199.236,1561393388000,10
2589,199.23,1561393389000,714
2590,199.2504875,1561393390000,344
2591,199.2501,1561393391000,50
2592,199.25,1561393392000,300
2593,199.25,1561393393000,100
2594,199.2478,1561393394000,25
2595,199.2599,1561393395000,100
2596,199.25,1561393396000,200
2597,199.2448,1561393397000,403
2598,199.245,1561393398000,50
2599,199.24,1561393399000,4
2600,199.24,1561393400000,166
2601,199.23001666666667,1561393401000,1201
2602,199.22,1561393402000,241
2603,199.2143,1561393403000,813
2604,199.21,1561393404000,20
2605,199.19368076923072,1561393405000,2567
2606,199.1665958333333,1561393406000,2054
2607,199.17,1561393407000,635
2608,199.17458,1561393408000,71
2609,199.1782142857143,1561393409000,842
2610,199.17999999999998,1561393410000,58
2611,199.18,1561393411000,100
2612,199.17999999999998,1561393412000,102
2613,199.17,1561393413000,200
2614,199.1672,1561393414000,15
2615,199.17,1561393415000,100
2616,199.17,1561393416000,3
2617,199.16111111111115,1561393417000,1037
2618,199.15416666666667,1561393418000,521
2619,199.1599,1561393419000,1
2620,199.15730000000002,1561393420000,890
2621,199.1614,1561393421000,1071
2622,199.15072727272735,1561393422000,4061
2623,199.1699,1561393423000,3
2624,199.1552,1561393424000,50
2625,199.1576,1561393425000,8
2626,199.165,1561393426000,100
2627,199.165,1561393427000,1
2628,199.1601,1561393428000,1
2629,199.1627,1561393429000,25
2630,199.17,1561393430000,200
2631,199.17,1561393431000,100
2632,199.1717416666667,1561393432000,1373
2633,199.165,1561393433000,100
2634,199.1658,1561393434000,156
2635,199.16255,1561393435000,134
2636,199.15941666666666,1561393436000,602
2637,199.16,1561393437000,200
2638,199.165,1561393438000,100
2639,199.1619,1561393439000,150
2640,199.165,1561393440000,7
2641,199.16466666666668,1561393441000,126
2642,199.1699,1561393442000,30
2643,199.163,1561393443000,100
2644,199.165,1561393444000,250
2645,199.1699,1561393445000,100
2646,199.17,1561393446000,3
2647,199.16910833333336,1561393447000,898
2648,199.1669,1561393448000,110
2649,199.16,1561393449000,26
2650,199.17,1561393450000,100
2651,199.17,1561393451000,100
2652,199.18,1561393452000,100
2653,199.18000000000004,1561393453000,1100
2654,199.20527777777778,1561393454000,1139
2655,199.21,1561393455000,100
2656,199.21314285714288,1561393456000,656
2657,199.213,1561393457000,609
2658,199.22,1561393458000,10
2659,199.21,1561393459000,15
2660,199.20785714285716,1561393460000,900
2661,199.2001,1561393461000,8
2662,199.2,1561393462000,100
2663,199.2,1561393463000,5
2664,199.2,1561393464000,400
2665,199.2069230769231,1561393465000,1000
2666,199.2197,1561393466000,1
2667,199.22,1561393467000,6
2668,199.21,1561393468000,300
2669,199.20863333333332,1561393469000,52
2670,199.21,1561393470000,100
2671,199.205,1561393471000,50
2672,199.2,1561393472000,20
2673,199.2,1561393473000,4
2674,199.2081,1561393474000,480
2675,199.2,1561393475000,100
2676,199.21,1561393476000,100
2677,199.21,1561393477000,23
2678,199.214,1561393478000,442
2679,199.23,1561393479000,418
2680,199.23,1561393480000,100
2681,199.2271,1561393481000,34
2682,199.235,1561393482000,100
2683,199.235,1561393483000,176
2684,199.23,1561393484000,42
2685,199.23,1561393485000,58
2686,199.225,1561393486000,174
2687,199.2275,1561393487000,108
2688,199.2275,1561393488000,319
2689,199.2267,1561393489000,17
2690,199.22977999999998,1561393490000,217
2691,199.23,1561393491000,200
2692,199.24349,1561393492000,532
2693,199.24,1561393493000,100
2694,199.23357142857142,1561393494000,1148
2695,199.225,1561393495000,20
2696,199.22789999999998,1561393496000,17
2697,199.22159999999994,1561393497000,1981
2698,199.2235,1561393498000,108
2699,199.23136363636365,1561393499000,510
2700,199.239,1561393500000,260
2701,199.23,1561393501000,15
2702,199.235,1561393502000,300
2703,199.2341,1561393503000,211
2704,199.24,1561393504000,144
2705,199.24495000000002,1561393505000,332
2706,199.2412,1561393506000,40
2707,199.24576666666667,1561393507000,379
2708,199.25,1561393508000,958
2709,199.2466,1561393509000,116
2710,199.2405333333333,1561393510000,1270
2711,199.23,1561393511000,100
2712,199.24,1561393512000,118
2713,199.23998333333336,1561393513000,1482
2714,199.2417,1561393514000,300
2715,199.24663333333334,1561393515000,36
2716,199.24833333333333,1561393516000,240
2717,199.2553,1561393517000,665
2718,199.2517,1561393518000,259
2719,199.25338333333335,1561393519000,1295
2720,199.259,1561393520000,665
2721,199.27060000000003,1561393521000,405
2722,199.25900000000001,1561393522000,300
2723,199.2468875,1561393523000,942
2724,199.24,1561393524000,200
2725,199.24,1561393525000,2
2726,199.23666666666668,1561393526000,310
2727,199.2069090909091,1561393527000,448
2728,199.1925,1561393528000,201
2729,199.18441176470586,1561393529000,978
2730,199.1774,1561393530000,50
2731,199.1875,1561393531000,103
2732,199.19,1561393532000,100
2733,199.19,1561393533000,100
2734,199.18336666666667,1561393534000,503
2735,199.19,1561393535000,100
2736,199.19,1561393536000,203
2737,199.2,1561393537000,100
2738,199.1770967741935,1561393538000,1825
2739,199.16627499999998,1561393539000,217
2740,199.17,1561393540000,5
2741,199.17666666666665,1561393541000,195
2742,199.1875,1561393542000,110
2743,199.17283333333333,1561393543000,47
2744,199.1733,1561393544000,201
2745,199.17594000000003,1561393545000,356
2746,199.17405,1561393546000,561
2747,199.19,1561393547000,44
2748,199.1702,1561393548000,1
2749,199.18,1561393549000,15
2750,199.17,1561393550000,2
2751,199.1761,1561393551000,2
2752,199.16950909090912,1561393552000,836
2753,199.15388888888884,1561393553000,3640
2754,199.1584333333333,1561393554000,172
2755,199.154,1561393555000,143
2756,199.1597,1561393556000,100
2757,199.16,1561393557000,29
2758,199.16,1561393558000,71
2759,199.1611627906976,1561393559000,3519
2760,199.179,1561393560000,1
2761,199.175,1561393561000,100
2762,199.17669999999998,1561393562000,743
2763,199.1755,1561393563000,28
2764,199.18,1561393564000,25
2765,199.17333333333332,1561393565000,135
2766,199.1799,1561393566000,1
2767,199.176,1561393567000,5
2768,199.1705,1561393568000,575
2769,199.17,1561393569000,3
2770,199.16284285714286,1561393570000,335
2771,199.16197499999998,1561393571000,100
2772,199.16,1561393572000,68
2773,199.16,1561393573000,100
2774,199.15449999999998,1561393574000,146
2775,199.1504666666667,1561393575000,127
2776,199.14983809523815,1561393576000,3123
2777,199.1301,1561393577000,197
2778,199.14100000000002,1561393578000,860
2779,199.132,1561393579000,1
2780,199.15,1561393580000,100
2781,199.14833333333334,1561393581000,330
2782,199.153,1561393582000,50
2783,199.15,1561393583000,17
2784,199.1505888888889,1561393584000,1467
2785,199.13285714285712,1561393585000,560
2786,199.1351,1561393586000,400
2787,199.13,1561393587000,10
2788,199.1348,1561393588000,1
2789,199.1301,1561393589000,20
2790,199.13,1561393590000,2
2791,199.14281666666668,1561393591000,470
2792,199.1553125,1561393592000,1011
2793,199.16255,1561393593000,103
2794,199.1605,1561393594000,300
2795,199.1625,1561393595000,101
2796,199.15285714285716,1561393596000,1366
2797,199.1402,1561393597000,10
2798,199.1437,1561393598000,50
2799,199.145,1561393599000,100
2800,199.14,1561393600000,100
2801,199.14,1561393601000,359
2802,199.12147368421046,1561393602000,2860
2803,199.1199,1561393603000,5
2804,199.12,1561393604000,100
2805,199.1152,1561393605000,5
2806,199.09838709677425,1561393606000,2657
2807,199.0882,1561393607000,500
2808,199.085725,1561393608000,2583
2809,199.08610000000002,1561393609000,1389
2810,199.08,1561393610000,3
2811,199.09,1561393611000,300
2812,199.0873625,1561393612000,1234
2813,199.09,1561393613000,200
2814,199.09475714285713,1561393614000,221
2815,199.09776666666667,1561393615000,476
2816,199.0983,1561393616000,500
2817,199.09144545454544,1561393617000,15741
2818,199.09994999999998,1561393618000,59
2819,199.1,1561393619000,100
2820,199.0937,1561393620000,8
2821,199.0909,1561393621000,2700
2822,199.09,1561393622000,47
2823,199.09,1561393623000,100
2824,199.09,1561393624000,100
2825,199.08436,1561393625000,1678
2826,199.08926000000002,1561393626000,387
2827,199.1058333333334,1561393627000,981
2828,199.1,1561393628000,220
2829,199.1099,1561393629000,1000
2830,199.1,1561393630000,10
2831,199.1,1561393631000,29
2832,199.09,1561393632000,21
2833,199.09175,1561393633000,300
2834,199.08999999999997,1561393634000,741
2835,199.09,1561393635000,3
2836,199.09,1561393636000,135
2837,199.09,1561393637000,135
2838,199.09,1561393638000,165
2839,199.09,1561393639000,315
2840,199.0975,1561393640000,150
2841,199.09744999999998,1561393641000,110
2842,199.095,1561393642000,13
2843,199.0938,1561393643000,1010
2844,199.0914,1561393644000,10
2845,199.06329411764668,1561393645000,9623
2846,199.0583333333333,1561393646000,1229
2847,199.05284285714288,1561393647000,500
2848,199.0501,1561393648000,24
2849,199.05166666666665,1561393649000,106
2850,199.05,1561393650000,33
2851,199.0306435483872,1561393651000,4016
2852,199.00842631578954,1561393652000,821
2853,199.006425,1561393653000,596
2854,199.0028651685394,1561393654000,9190
2855,198.98307692307694,1561393655000,353
2856,198.97649,1561393656000,611
2857,198.9828571428571,1561393657000,1485
2858,198.9799,1561393658000,100
2859,198.98,1561393659000,16
2860,198.96661016949133,1561393660000,6161
2861,198.99773076923083,1561393661000,2337
2862,199.01458333333335,1561393662000,490
2863,199.0395157894737,1561393663000,1994
2864,199.034125,1561393664000,430
2865,199.05335999999997,1561393665000,269
2866,199.07,1561393666000,4
2867,199.0689,1561393667000,100
2868,199.0707,1561393668000,300
2869,199.06,1561393669000,2
2870,199.0666,1561393670000,700
2871,199.0666666666667,1561393671000,235
2872,199.0584545454545,1561393672000,731
2873,199.05325,1561393673000,900
2874,199.054,1561393674000,108
2875,199.06,1561393675000,11
2876,199.06,1561393676000,8
2877,199.0501,1561393677000,6
2878,199.06333333333336,1561393678000,265
2879,199.06722,1561393679000,146
2880,199.06,1561393680000,166
2881,199.0584,1561393681000,614
2882,199.05796,1561393682000,8
2883,199.055,1561393683000,28
2884,199.06,1561393684000,1
2885,199.0518,1561393685000,500
2886,199.045,1561393686000,1554
2887,199.03,1561393687000,100
2888,199.03,1561393688000,257
2889,199.0285,1561393689000,5058
2890,199.024,1561393690000,25
2891,199.0278,1561393691000,10
2892,199.0281,1561393692000,100
2893,199.04,1561393693000,20
2894,199.03799473684217,1561393694000,1418
2895,199.035,1561393695000,10
2896,199.04,1561393696000,100
2897,199.035,1561393697000,100
2898,199.03,1561393698000,503
2899,199.02515,1561393699000,45
2900,199.0239,1561393700000,25
2901,199.025,1561393701000,56
2902,199.023025,1561393702000,1900
2903,199.0247,1561393703000,9
2904,199.03,1561393704000,4
2905,199.02996666666664,1561393705000,5
2906,199.02875833333334,1561393706000,901
2907,199.0301,1561393707000,120
2908,199.0399,1561393708000,2
2909,199.0301,1561393709000,562
2910,199.035,1561393710000,100
2911,199.0399,1561393711000,2
2912,199.0327,1561393712000,21
2913,199.0399,1561393713000,3
2914,199.0337,1561393714000,14
2915,199.0352,1561393715000,111
2916,199.0334,1561393716000,12
2917,199.035,1561393717000,169
2918,199.035,1561393718000,100
2919,199.041,1561393719000,918
2920,199.04845,1561393720000,171
2921,199.0518,1561393721000,400
2922,199.04696249999998,1561393722000,1047
2923,199.0448,1561393723000,7
2924,199.05,1561393724000,4
2925,199.0414,1561393725000,1083
2926,199.0368375,1561393726000,416
2927,199.03,1561393727000,50
2928,199.0301,1561393728000,2
2929,199.04,1561393729000,1
2930,199.037525,1561393730000,170
2931,199.04,1561393731000,100
2932,199.0403,1561393732000,2000
2933,199.0496209302327,1561393733000,2192
2934,199.04,1561393734000,100
2935,199.0650573770491,1561393735000,6578
2936,199.07184999999998,1561393736000,20
2937,199.07999999999996,1561393737000,127
2938,199.0887,1561393738000,7
2939,199.08033999999998,1561393739000,925
2940,199.075,1561393740000,50
2941,199.0799,1561393741000,5
2942,199.08,1561393742000,300
2943,199.0836,1561393743000,2
2944,199.089,1561393744000,569
2945,199.08063333333337,1561393745000,620
2946,199.08,1561393746000,100
2947,199.08,1561393747000,400
2948,199.08,1561393748000,100
2949,199.0899,1561393749000,6
2950,199.0802,1561393750000,90
2951,199.06909090909087,1561393751000,1210
2952,199.076625,1561393752000,1176
2953,199.0779,1561393753000,244
2954,199.08,1561393754000,102
2955,199.08003333333332,1561393755000,108
2956,199.08,1561393756000,1
2957,199.06752500000002,1561393757000,310
2958,199.06622500000003,1561393758000,109
2959,199.06,1561393759000,100
2960,199.0575,1561393760000,2381
2961,199.0582,1561393761000,75
2962,199.065,1561393762000,100
2963,199.07250000000002,1561393763000,400
2964,199.09,1561393764000,222
2965,199.099,1561393765000,415
2966,199.1058,1561393766000,7
2967,199.10126666666662,1561393767000,2200
2968,199.09293333333335,1561393768000,104
2969,199.085,1561393769000,300
2970,199.06,1561393770000,7
2971,199.0693,1561393771000,35
2972,199.05001249999998,1561393772000,646
2973,199.04,1561393773000,3
2974,199.04,1561393774000,100
2975,199.0442,1561393775000,300
2976,199.0475,1561393776000,102
2977,199.04148999999998,1561393777000,820
2978,199.0387,1561393778000,100
2979,199.04154,1561393779000,505
2980,199.045,1561393780000,200
2981,199.04865,1561393781000,101
2982,199.0425,1561393782000,50
2983,199.04005,1561393783000,107
2984,199.048125,1561393784000,1401
2985,199.0599,1561393785000,1
2986,199.0599,1561393786000,2
2987,199.05,1561393787000,20
2988,199.05,1561393788000,4
2989,199.04999999999998,1561393789000,1918
2990,199.04489999999998,1561393790000,301
2991,199.03785714285712,1561393791000,537
2992,199.03105,1561393792000,26
2993,199.04,1561393793000,105
2994,199.046,1561393794000,264
2995,199.06002500000002,1561393795000,305
2996,199.05826666666667,1561393796000,139
2997,199.0577,1561393797000,345
2998,199.0587,1561393798000,259
2999,199.0599,1561393799000,1
3000,199.05192499999998,1561393800000,463
3001,199.06000000000003,1561393801000,161
3002,199.07234000000003,1561393802000,790
3003,199.08,1561393803000,25
3004,199.08,1561393804000,8
3005,199.08,1561393805000,50
