,price,size,unix_current
0,299.21505,3,1561386728000
1,299.21505,3,1561386728000
2,299.21505,3,1561386728000
3,299.21505,3,1561386728000
4,299.21505,3,1561386728000
5,299.21505,3,1561386728000
6,299.21505,3,1561386728000
7,299.21505,3,1561386728000
8,299.21505,3,1561386728000
9,299.21505,3,1561386728000
10,299.21505,3,1561386728000
11,299.21505,3,1561386728000
12,299.21505,3,1561386728000
13,299.21505,3,1561386728000
14,299.21505,3,1561386728000
15,299.21505,3,1561386728000
16,299.21505,3,1561386728000
17,299.21505,3,1561386728000
18,299.21505,3,1561386728000
19,299.21505,3,1561386728000
20,299.21505,3,1561386728000
21,299.21505,3,1561386728000
22,299.21505,3,1561386728000
23,299.21505,3,1561386728000
24,299.21505,3,1561386728000
25,299.21505,3,1561386728000
26,299.21505,3,1561386728000
27,299.21505,3,1561386728000
28,299.21505,3,1561386728000
29,299.21505,3,1561386728000
30,299.21505,3,1561386728000
31,299.21505,3,1561386728000
32,299.21505,3,1561386728000
33,299.21505,3,1561386728000
34,299.21505,3,1561386728000
35,299.21505,3,1561386728000
36,299.21505,3,1561386728000
37,299.21505,3,1561386728000
38,299.21505,3,1561386728000
39,299.21505,3,1561386728000
40,299.21505,3,1561386728000
41,299.21505,3,1561386728000
42,299.21505,3,1561386728000
43,299.21505,3,1561386728000
44,299.21505,3,1561386728000
45,299.21505,3,1561386728000
46,299.21505,3,1561386728000
47,299.21505,3,1561386728000
48,299.21505,3,1561386728000
49,299.21505,3,1561386728000
50,299.21505,3,1561386728000
51,299.21505,3,1561386728000
52,299.21505,3,1561386728000
53,299.21505,3,1561386728000
54,299.21505,3,1561386728000
55,299.21505,3,1561386728000
56,299.21505,3,1561386728000
57,299.21505,3,1561386728000
58,299.21505,3,1561386728000
59,299.21505,3,1561386728000
60,299.21505,3,1561386728000
61,299.21505,3,1561386728000
62,299.21505,3,1561386728000
63,299.21505,3,1561386728000
64,299.21505,3,1561386728000
65,299.21505,3,1561386728000
66,299.21505,3,1561386728000
67,299.21505,3,1561386728000
68,299.21505,3,1561386728000
69,299.21505,3,1561386728000
70,299.21505,3,1561386728000
71,299.21505,3,1561386728000
72,299.21505,3,1561386728000
73,299.21505,3,1561386728000
74,299.21505,3,1561386728000
75,299.21505,3,1561386728000
76,299.21505,3,1561386728000
77,299.21505,3,1561386728000
78,299.21505,3,1561386728000
79,299.21505,3,1561386728000
80,299.21505,3,1561386728000
81,299.21505,3,1561386728000
82,299.21505,3,1561386728000
83,299.21505,3,1561386728000
84,299.21505,3,1561386728000
85,299.21505,3,1561386728000
86,299.21505,3,1561386728000
87,299.21505,3,1561386728000
88,299.21505,3,1561386728000
89,299.21505,3,1561386728000
90,299.21505,3,1561386728000
91,299.21505,3,1561386728000
92,299.21505,3,1561386728000
93,299.21505,3,1561386728000
94,299.21505,3,1561386728000
95,299.21505,3,1561386728000
96,299.21505,3,1561386728000
97,299.21505,3,1561386728000
98,299.21505,3,1561386728000
99,299.21505,3,1561386728000
100,299.21505,3,1561386728000
101,299.21505,3,1561386728000
102,299.21505,3,1561386728000
103,299.21505,3,1561386728000
104,299.21505,3,1561386728000
105,299.21505,3,1561386728000
106,299.21505,3,1561386728000
107,299.21505,3,1561386728000
108,299.21505,3,1561386728000
109,299.21505,3,1561386728000
110,299.21505,3,1561386728000
111,299.21505,3,1561386728000
112,299.21505,3,1561386728000
113,299.21505,3,1561386728000
114,299.21505,3,1561386728000
115,299.21505,3,1561386728000
116,299.21505,3,1561386728000
117,299.21505,3,1561386728000
118,299.21505,3,1561386728000
119,299.21505,3,1561386728000
120,299.21505,3,1561386728000
121,299.21505,3,1561386728000
122,299.21505,3,1561386728000
123,299.21505,3,1561386728000
124,299.21505,3,1561386728000
125,299.21505,3,1561386728000
126,299.21505,3,1561386728000
127,299.21505,3,1561386728000
128,299.21505,3,1561386728000
129,299.21505,3,1561386728000
130,299.21505,3,1561386728000
131,299.21505,3,1561386728000
132,299.21505,3,1561386728000
133,299.21505,3,1561386728000
134,299.21505,3,1561386728000
135,299.21505,3,1561386728000
136,299.21505,3,1561386728000
137,299.21505,3,1561386728000
138,299.21505,3,1561386728000
139,299.21505,3,1561386728000
140,299.21505,3,1561386728000
141,299.21505,3,1561386728000
142,299.21505,3,1561386728000
143,299.21505,3,1561386728000
144,299.21505,3,1561386728000
145,299.21505,3,1561386728000
146,299.21505,3,1561386728000
147,299.21505,3,1561386728000
148,299.21505,3,1561386728000
149,299.21505,3,1561386728000
150,299.21505,3,1561386728000
151,299.21505,3,1561386728000
152,299.21505,3,1561386728000
153,299.21505,3,1561386728000
154,299.21505,3,1561386728000
155,299.21505,3,1561386728000
156,299.21505,3,1561386728000
157,299.21505,3,1561386728000
158,299.21505,3,1561386728000
159,299.21505,3,1561386728000
160,299.21505,3,1561386728000
161,299.21505,3,1561386728000
162,299.21505,3,1561386728000
163,299.21505,3,1561386728000
164,299.21505,3,1561386728000
165,299.21505,3,1561386728000
166,299.21505,3,1561386728000
167,299.21505,3,1561386728000
168,299.21505,3,1561386728000
169,299.21505,3,1561386728000
170,299.21505,3,1561386728000
171,299.21505,3,1561386728000
172,299.21505,3,1561386728000
173,299.21505,3,1561386728000
174,299.21505,3,1561386728000
175,299.21505,3,1561386728000
176,299.21505,3,1561386728000
177,299.21505,3,1561386728000
178,299.21505,3,1561386728000
179,299.21505,3,1561386728000
180,299.21505,3,1561386728000
181,299.21505,3,1561386728000
182,299.21505,3,1561386728000
183,299.21505,3,1561386728000
184,299.21505,3,1561386728000
185,299.21505,3,1561386728000
186,299.21505,3,1561386728000
187,299.21505,3,1561386728000
188,299.21505,3,1561386728000
189,299.21505,3,1561386728000
190,299.21505,3,1561386728000
191,299.21505,3,1561386728000
192,299.21505,3,1561386728000
193,299.21505,3,1561386728000
194,299.21505,3,1561386728000
195,299.21505,3,1561386728000
196,299.21505,3,1561386728000
197,299.21505,3,1561386728000
198,299.21505,3,1561386728000
199,299.21505,3,1561386728000
200,299.21505,3,1561386728000
201,299.21505,3,1561386728000
202,299.21505,3,1561386728000
203,299.21505,3,1561386728000
204,299.21505,3,1561386728000
205,299.21505,3,1561386728000
206,299.21505,3,1561386728000
207,299.21505,3,1561386728000
208,299.21505,3,1561386728000
209,299.21505,3,1561386728000
210,299.21505,3,1561386728000
211,299.21505,3,1561386728000
212,299.21505,3,1561386728000
213,299.21505,3,1561386728000
214,299.21505,3,1561386728000
215,299.21505,3,1561386728000
216,299.21505,3,1561386728000
217,299.21505,3,1561386728000
218,299.21505,3,1561386728000
219,299.21505,3,1561386728000
220,299.21505,3,1561386728000
221,299.21505,3,1561386728000
222,299.21505,3,1561386728000
223,299.21505,3,1561386728000
224,299.21505,3,1561386728000
225,299.21505,3,1561386728000
226,299.21505,3,1561386728000
227,299.21505,3,1561386728000
228,299.21505,3,1561386728000
229,299.21505,3,1561386728000
230,299.21505,3,1561386728000
231,299.21505,3,1561386728000
232,299.21505,3,1561386728000
233,299.21505,3,1561386728000
234,299.21505,3,1561386728000
235,299.21505,3,1561386728000
236,299.21505,3,1561386728000
237,299.21505,3,1561386728000
238,299.21505,3,1561386728000
239,299.21505,3,1561386728000
240,299.21505,3,1561386728000
241,299.21505,3,1561386728000
242,299.21505,3,1561386728000
243,299.21505,3,1561386728000
244,299.21505,3,1561386728000
245,299.21505,3,1561386728000
246,299.21505,3,1561386728000
247,299.21505,3,1561386728000
248,299.21505,3,1561386728000
249,299.21505,3,1561386728000
250,299.21505,3,1561386728000
251,299.21505,3,1561386728000
252,299.21505,3,1561386728000
253,299.21505,3,1561386728000
254,299.21505,3,1561386728000
255,299.21505,3,1561386728000
256,299.21505,3,1561386728000
257,299.21505,3,1561386728000
258,299.21505,3,1561386728000
259,299.21505,3,1561386728000
260,299.21505,3,1561386728000
261,299.21505,3,1561386728000
262,299.21505,3,1561386728000
263,299.21505,3,1561386728000
264,299.21505,3,1561386728000
265,299.21505,3,1561386728000
266,299.21505,3,1561386728000
267,299.21505,3,1561386728000
268,299.21505,3,1561386728000
269,299.21505,3,1561386728000
270,299.21505,3,1561386728000
271,299.21505,3,1561386728000
272,299.21505,3,1561386728000
273,299.21505,3,1561386728000
274,299.21505,3,1561386728000
275,299.21505,3,1561386728000
276,299.21505,3,1561386728000
277,299.21505,3,1561386728000
278,299.21505,3,1561386728000
279,299.21505,3,1561386728000
280,299.21505,3,1561386728000
281,299.21505,3,1561386728000
282,299.21505,3,1561386728000
283,299.21505,3,1561386728000
284,299.21505,3,1561386728000
285,299.21505,3,1561386728000
286,299.21505,3,1561386728000
287,299.21505,3,1561386728000
288,299.21505,3,1561386728000
289,299.21505,3,1561386728000
290,299.21505,3,1561386728000
291,299.21505,3,1561386728000
292,299.21505,3,1561386728000
293,299.21505,3,1561386728000
294,299.21505,3,1561386728000
295,299.21505,3,1561386728000
296,299.21505,3,1561386728000
297,299.21505,3,1561386728000
298,299.21505,3,1561386728000
299,299.21505,3,1561386728000
300,299.21505,3,1561386728000
301,299.21505,3,1561386728000
302,299.21505,3,1561386728000
303,299.21505,3,1561386728000
304,299.21505,3,1561386728000
305,299.21505,3,1561386728000
306,299.21505,3,1561386728000
307,299.21505,3,1561386728000
308,299.21505,3,1561386728000
309,299.21505,3,1561386728000
310,299.21505,3,1561386728000
311,299.21505,3,1561386728000
312,299.21505,3,1561386728000
313,299.21505,3,1561386728000
314,299.21505,3,1561386728000
315,299.21505,3,1561386728000
316,299.21505,3,1561386728000
317,299.21505,3,1561386728000
318,299.21505,3,1561386728000
319,299.21505,3,1561386728000
320,299.21505,3,1561386728000
321,299.21505,3,1561386728000
322,299.21505,3,1561386728000
323,299.21505,3,1561386728000
324,299.21505,3,1561386728000
325,299.21505,3,1561386728000
326,299.21505,3,1561386728000
327,299.21505,3,1561386728000
328,299.21505,3,1561386728000
329,299.21505,3,1561386728000
330,299.21505,3,1561386728000
331,299.21505,3,1561386728000
332,299.21505,3,1561386728000
333,299.21505,3,1561386728000
334,299.21505,3,1561386728000
335,299.21505,3,1561386728000
336,299.21505,3,1561386728000
337,299.21505,3,1561386728000
338,299.21505,3,1561386728000
339,299.21505,3,1561386728000
340,299.21505,3,1561386728000
341,299.21505,3,1561386728000
342,299.21505,3,1561386728000
343,299.21505,3,1561386728000
344,299.21505,3,1561386728000
345,299.21505,3,1561386728000
346,299.21505,3,1561386728000
347,299.21505,3,1561386728000
348,299.21505,3,1561386728000
349,299.21505,3,1561386728000
350,299.21505,3,1561386728000
351,299.21505,3,1561386728000
352,299.21505,3,1561386728000
353,299.21505,3,1561386728000
354,299.21505,3,1561386728000
355,299.21505,3,1561386728000
356,299.21505,3,1561386728000
357,299.21505,3,1561386728000
358,299.21505,3,1561386728000
359,299.21505,3,1561386728000
360,299.21505,3,1561386728000
361,299.21505,3,1561386728000
362,299.21505,3,1561386728000
363,299.21505,3,1561386728000
364,299.21505,3,1561386728000
365,299.21505,3,1561386728000
366,299.21505,3,1561386728000
367,299.21505,3,1561386728000
368,299.21505,3,1561386728000
369,299.21505,3,1561386728000
370,299.21505,3,1561386728000
371,299.21505,3,1561386728000
372,299.21505,3,1561386728000
373,299.21505,3,1561386728000
374,299.21505,3,1561386728000
375,299.21505,3,1561386728000
376,299.21505,3,1561386728000
377,299.21505,3,1561386728000
378,299.21505,3,1561386728000
379,299.21505,3,1561386728000
380,299.21505,3,1561386728000
381,299.21505,3,1561386728000
382,299.21505,3,1561386728000
383,299.21505,3,1561386728000
384,299.21505,3,1561386728000
385,299.21505,3,1561386728000
386,299.21505,3,1561386728000
387,299.21505,3,1561386728000
388,299.21505,3,1561386728000
389,299.21505,3,1561386728000
390,299.21505,3,1561386728000
391,299.21505,3,1561386728000
392,299.21505,3,1561386728000
393,299.21505,3,1561386728000
394,299.21505,3,1561386728000
395,299.21505,3,1561386728000
396,299.21505,3,1561386728000
397,299.21505,3,1561386728000
398,299.21505,3,1561386728000
399,299.21505,3,1561386728000
400,299.21505,3,1561386728000
401,299.21505,3,1561386728000
402,299.21505,3,1561386728000
403,299.21505,3,1561386728000
404,299.21505,3,1561386728000
405,299.21505,3,1561386728000
406,299.21505,3,1561386728000
407,299.21505,3,1561386728000
408,299.21505,3,1561386728000
409,299.21505,3,1561386728000
410,299.21505,3,1561386728000
411,299.21505,3,1561386728000
412,299.21505,3,1561386728000
413,299.21505,3,1561386728000
414,299.21505,3,1561386728000
415,299.21505,3,1561386728000
416,299.21505,3,1561386728000
417,299.21505,3,1561386728000
418,299.21505,3,1561386728000
419,299.21505,3,1561386728000
420,299.21505,3,1561386728000
421,299.21505,3,1561386728000
422,299.21505,3,1561386728000
423,299.21505,3,1561386728000
424,299.21505,3,1561386728000
425,299.21505,3,1561386728000
426,299.21505,3,1561386728000
427,299.21505,3,1561386728000
428,299.21505,3,1561386728000
429,299.21505,3,1561386728000
430,299.21505,3,1561386728000
431,299.21505,3,1561386728000
432,299.21505,3,1561386728000
433,299.21505,3,1561386728000
434,299.21505,3,1561386728000
435,299.21505,3,1561386728000
436,299.21505,3,1561386728000
437,299.21505,3,1561386728000
438,299.21505,3,1561386728000
439,299.21505,3,1561386728000
440,299.21505,3,1561386728000
441,299.21505,3,1561386728000
442,299.21505,3,1561386728000
443,299.21505,3,1561386728000
444,299.21505,3,1561386728000
445,299.21505,3,1561386728000
446,299.21505,3,1561386728000
447,299.21505,3,1561386728000
448,299.21505,3,1561386728000
449,299.21505,3,1561386728000
450,299.21505,3,1561386728000
451,299.21505,3,1561386728000
452,299.21505,3,1561386728000
453,299.21505,3,1561386728000
454,299.21505,3,1561386728000
455,299.21505,3,1561386728000
456,299.21505,3,1561386728000
457,299.21505,3,1561386728000
458,299.21505,3,1561386728000
459,299.21505,3,1561386728000
460,299.21505,3,1561386728000
461,299.21505,3,1561386728000
462,299.21505,3,1561386728000
463,299.21505,3,1561386728000
464,299.21505,3,1561386728000
465,299.21505,3,1561386728000
466,299.21505,3,1561386728000
467,299.21505,3,1561386728000
468,299.21505,3,1561386728000
469,299.21505,3,1561386728000
470,299.21505,3,1561386728000
471,299.21505,3,1561386728000
472,299.21505,3,1561386728000
473,299.21505,3,1561386728000
474,299.21505,3,1561386728000
475,299.21505,3,1561386728000
476,299.21505,3,1561386728000
477,299.21505,3,1561386728000
478,299.21505,3,1561386728000
479,299.21505,3,1561386728000
480,299.21505,3,1561386728000
481,299.21505,3,1561386728000
482,299.21505,3,1561386728000
483,299.21505,3,1561386728000
484,299.21505,3,1561386728000
485,299.21505,3,1561386728000
486,299.21505,3,1561386728000
487,299.21505,3,1561386728000
488,299.21505,3,1561386728000
489,299.21505,3,1561386728000
490,299.21505,3,1561386728000
491,299.21505,3,1561386728000
492,299.21505,3,1561386728000
493,299.21505,3,1561386728000
494,299.21505,3,1561386728000
495,299.21505,3,1561386728000
496,299.21505,3,1561386728000
497,299.21505,3,1561386728000
498,299.21505,3,1561386728000
499,299.21505,3,1561386728000
500,299.21505,3,1561386728000
501,299.21505,3,1561386728000
502,299.21505,3,1561386728000
503,299.21505,3,1561386728000
504,299.21505,3,1561386728000
505,299.21505,3,1561386728000
506,299.21505,3,1561386728000
507,299.21505,3,1561386728000
508,299.21505,3,1561386728000
509,299.21505,3,1561386728000
510,299.21505,3,1561386728000
511,299.21505,3,1561386728000
512,299.21505,3,1561386728000
513,299.21505,3,1561386728000
514,299.21505,3,1561386728000
515,299.21505,3,1561386728000
516,299.21505,3,1561386728000
517,299.21505,3,1561386728000
518,299.21505,3,1561386728000
519,299.21505,3,1561386728000
520,299.21505,3,1561386728000
521,299.21505,3,1561386728000
522,299.21505,3,1561386728000
523,299.21505,3,1561386728000
524,299.21505,3,1561386728000
525,299.21505,3,1561386728000
526,299.21505,3,1561386728000
527,299.21505,3,1561386728000
528,299.21505,3,1561386728000
529,299.21505,3,1561386728000
530,299.21505,3,1561386728000
531,299.21505,3,1561386728000
532,299.21505,3,1561386728000
533,299.21505,3,1561386728000
534,299.21505,3,1561386728000
535,299.21505,3,1561386728000
536,299.21505,3,1561386728000
537,299.21505,3,1561386728000
538,299.21505,3,1561386728000
539,299.21505,3,1561386728000
540,299.21505,3,1561386728000
541,299.21505,3,1561386728000
542,299.21505,3,1561386728000
543,299.21505,3,1561386728000
544,299.21505,3,1561386728000
545,299.21505,3,1561386728000
546,299.21505,3,1561386728000
547,299.21505,3,1561386728000
548,299.21505,3,1561386728000
549,299.21505,3,1561386728000
550,299.21505,3,1561386728000
551,299.21505,3,1561386728000
552,299.21505,3,1561386728000
553,299.21505,3,1561386728000
554,299.21505,3,1561386728000
555,299.21505,3,1561386728000
556,299.21505,3,1561386728000
557,299.21505,3,1561386728000
558,299.21505,3,1561386728000
559,299.21505,3,1561386728000
560,299.21505,3,1561386728000
561,299.21505,3,1561386728000
562,299.21505,3,1561386728000
563,299.21505,3,1561386728000
564,299.21505,3,1561386728000
565,299.21505,3,1561386728000
566,299.21505,3,1561386728000
567,299.21505,3,1561386728000
568,299.21505,3,1561386728000
569,299.21505,3,1561386728000
570,299.21505,3,1561386728000
571,299.21505,3,1561386728000
572,299.21505,3,1561386728000
573,299.21505,3,1561386728000
574,299.21505,3,1561386728000
575,299.21505,3,1561386728000
576,299.21505,3,1561386728000
577,299.21505,3,1561386728000
578,299.21505,3,1561386728000
579,299.21505,3,1561386728000
580,299.21505,3,1561386728000
581,299.21505,3,1561386728000
582,299.21505,3,1561386728000
583,299.21505,3,1561386728000
584,299.21505,3,1561386728000
585,299.21505,3,1561386728000
586,299.21505,3,1561386728000
587,299.21505,3,1561386728000
588,299.21505,3,1561386728000
589,299.21505,3,1561386728000
590,299.21505,3,1561386728000
591,299.21505,3,1561386728000
592,299.21505,3,1561386728000
593,299.21505,3,1561386728000
594,299.21505,3,1561386728000
595,299.21505,3,1561386728000
596,299.21505,3,1561386728000
597,299.21505,3,1561386728000
598,299.21505,3,1561386728000
599,299.21505,3,1561386728000
600,299.21505,3,1561386728000
601,299.21505,3,1561386728000
602,299.21505,3,1561386728000
603,299.21505,3,1561386728000
604,299.21505,3,1561386728000
605,299.21505,3,1561386728000
606,299.21505,3,1561386728000
607,299.21505,3,1561386728000
608,299.21505,3,1561386728000
609,299.21505,3,1561386728000
610,299.21505,3,1561386728000
611,299.21505,3,1561386728000
612,299.21505,3,1561386728000
613,299.21505,3,1561386728000
614,299.21505,3,1561386728000
615,299.21505,3,1561386728000
616,299.21505,3,1561386728000
617,299.21505,3,1561386728000
618,299.21505,3,1561386728000
619,299.21505,3,1561386728000
620,299.21505,3,1561386728000
621,299.21505,3,1561386728000
622,299.21505,3,1561386728000
623,299.21505,3,1561386728000
624,299.21505,3,1561386728000
625,299.21505,3,1561386728000
626,299.21505,3,1561386728000
627,299.21505,3,1561386728000
628,299.21505,3,1561386728000
629,299.21505,3,1561386728000
630,299.21505,3,1561386728000
631,299.21505,3,1561386728000
632,299.21505,3,1561386728000
633,299.21505,3,1561386728000
634,299.21505,3,1561386728000
635,299.21505,3,1561386728000
636,299.21505,3,1561386728000
637,299.21505,3,1561386728000
638,299.21505,3,1561386728000
639,299.21505,3,1561386728000
640,299.21505,3,1561386728000
641,299.21505,3,1561386728000
642,299.21505,3,1561386728000
643,299.21505,3,1561386728000
644,299.21505,3,1561386728000
645,299.21505,3,1561386728000
646,299.21505,3,1561386728000
647,299.21505,3,1561386728000
648,299.21505,3,1561386728000
649,299.21505,3,1561386728000
650,299.21505,3,1561386728000
651,299.21505,3,1561386728000
652,299.21505,3,1561386728000
653,299.21505,3,1561386728000
654,299.21505,3,1561386728000
655,299.21505,3,1561386728000
656,299.21505,3,1561386728000
657,299.21505,3,1561386728000
658,299.21505,3,1561386728000
659,299.21505,3,1561386728000
660,299.21505,3,1561386728000
661,299.21505,3,1561386728000
662,299.21505,3,1561386728000
663,299.21505,3,1561386728000
664,299.21505,3,1561386728000
665,299.21505,3,1561386728000
666,299.21505,3,1561386728000
667,299.21505,3,1561386728000
668,299.21505,3,1561386728000
669,299.21505,3,1561386728000
670,299.21505,3,1561386728000
671,299.21505,3,1561386728000
672,299.21505,3,1561386728000
673,299.21505,3,1561386728000
674,299.21505,3,1561386728000
675,299.21505,3,1561386728000
676,299.21505,3,1561386728000
677,299.21505,3,1561386728000
678,299.21505,3,1561386728000
679,299.21505,3,1561386728000
680,299.21505,3,1561386728000
681,299.21505,3,1561386728000
682,299.21505,3,1561386728000
683,299.21505,3,1561386728000
684,299.21505,3,1561386728000
685,299.21505,3,1561386728000
686,299.21505,3,1561386728000
687,299.21505,3,1561386728000
688,299.21505,3,1561386728000
689,299.21505,3,1561386728000
690,299.21505,3,1561386728000
691,299.21505,3,1561386728000
692,299.21505,3,1561386728000
693,299.21505,3,1561386728000
694,299.21505,3,1561386728000
695,299.21505,3,1561386728000
696,299.21505,3,1561386728000
697,299.21505,3,1561386728000
698,299.21505,3,1561386728000
699,299.21505,3,1561386728000
700,299.21505,3,1561386728000
701,299.21505,3,1561386728000
702,299.21505,3,1561386728000
703,299.21505,3,1561386728000
704,299.21505,3,1561386728000
705,299.21505,3,1561386728000
706,299.21505,3,1561386728000
707,299.21505,3,1561386728000
708,299.21505,3,1561386728000
709,299.21505,3,1561386728000
710,299.21505,3,1561386728000
711,299.21505,3,1561386728000
712,299.21505,3,1561386728000
713,299.21505,3,1561386728000
714,299.21505,3,1561386728000
715,299.21505,3,1561386728000
716,299.21505,3,1561386728000
717,299.21505,3,1561386728000
718,299.21505,3,1561386728000
719,299.21505,3,1561386728000
720,299.21505,3,1561386728000
721,299.21505,3,1561386728000
722,299.21505,3,1561386728000
723,299.21505,3,1561386728000
724,299.21505,3,1561386728000
725,299.21505,3,1561386728000
726,299.21505,3,1561386728000
727,299.21505,3,1561386728000
728,299.21505,3,1561386728000
729,299.21505,3,1561386728000
730,299.21505,3,1561386728000
731,299.21505,3,1561386728000
732,299.21505,3,1561386728000
733,299.21505,3,1561386728000
734,299.21505,3,1561386728000
735,299.21505,3,1561386728000
736,299.21505,3,1561386728000
737,299.21505,3,1561386728000
738,299.21505,3,1561386728000
739,299.21505,3,1561386728000
740,299.21505,3,1561386728000
741,299.21505,3,1561386728000
742,299.21505,3,1561386728000
743,299.21505,3,1561386728000
744,299.21505,3,1561386728000
745,299.21505,3,1561386728000
746,299.21505,3,1561386728000
747,299.21505,3,1561386728000
748,299.21505,3,1561386728000
749,299.21505,3,1561386728000
750,299.21505,3,1561386728000
751,299.21505,3,1561386728000
752,299.21505,3,1561386728000
753,299.21505,3,1561386728000
754,299.21505,3,1561386728000
755,299.21505,3,1561386728000
756,299.21505,3,1561386728000
757,299.21505,3,1561386728000
758,299.21505,3,1561386728000
759,299.21505,3,1561386728000
760,299.21505,3,1561386728000
761,299.21505,3,1561386728000
762,299.21505,3,1561386728000
763,299.21505,3,1561386728000
764,299.21505,3,1561386728000
765,299.21505,3,1561386728000
766,299.21505,3,1561386728000
767,299.21505,3,1561386728000
768,299.21505,3,1561386728000
769,299.21505,3,1561386728000
770,299.21505,3,1561386728000
771,299.21505,3,1561386728000
772,299.21505,3,1561386728000
773,299.21505,3,1561386728000
774,299.21505,3,1561386728000
775,299.21505,3,1561386728000
776,299.21505,3,1561386728000
777,299.21505,3,1561386728000
778,299.21505,3,1561386728000
779,299.21505,3,1561386728000
780,299.21505,3,1561386728000
781,299.21505,3,1561386728000
782,299.21505,3,1561386728000
783,299.21505,3,1561386728000
784,299.21505,3,1561386728000
785,299.21505,3,1561386728000
786,299.21505,3,1561386728000
787,299.21505,3,1561386728000
788,299.21505,3,1561386728000
789,299.21505,3,1561386728000
790,299.21505,3,1561386728000
791,299.21505,3,1561386728000
792,299.21505,3,1561386728000
793,299.21505,3,1561386728000
794,299.21505,3,1561386728000
795,299.21505,3,1561386728000
796,299.21505,3,1561386728000
797,299.21505,3,1561386728000
798,299.21505,3,1561386728000
799,299.21505,3,1561386728000
800,299.21505,3,1561386728000
801,299.21505,3,1561386728000
802,299.21505,3,1561386728000
803,299.21505,3,1561386728000
804,299.21505,3,1561386728000
805,299.21505,3,1561386728000
806,299.21505,3,1561386728000
807,299.21505,3,1561386728000
808,299.21505,3,1561386728000
809,299.21505,3,1561386728000
810,299.21505,3,1561386728000
811,299.21505,3,1561386728000
812,299.21505,3,1561386728000
813,299.21505,3,1561386728000
814,299.21505,3,1561386728000
815,299.21505,3,1561386728000
816,299.21505,3,1561386728000
817,299.21505,3,1561386728000
818,299.21505,3,1561386728000
819,299.21505,3,1561386728000
820,299.21505,3,1561386728000
821,299.21505,3,1561386728000
822,299.21505,3,1561386728000
823,299.21505,3,1561386728000
824,299.21505,3,1561386728000
825,299.21505,3,1561386728000
826,299.21505,3,1561386728000
827,299.21505,3,1561386728000
828,299.21505,3,1561386728000
829,299.21505,3,1561386728000
830,299.21505,3,1561386728000
831,299.21505,3,1561386728000
832,299.21505,3,1561386728000
833,299.21505,3,1561386728000
834,299.21505,3,1561386728000
835,299.21505,3,1561386728000
836,299.21505,3,1561386728000
837,299.21505,3,1561386728000
838,299.21505,3,1561386728000
839,299.21505,3,1561386728000
840,299.21505,3,1561386728000
841,299.21505,3,1561386728000
842,299.21505,3,1561386728000
843,299.21505,3,1561386728000
844,299.21505,3,1561386728000
845,299.21505,3,1561386728000
846,299.21505,3,1561386728000
847,299.21505,3,1561386728000
848,299.21505,3,1561386728000
849,299.21505,3,1561386728000
850,299.21505,3,1561386728000
851,299.21505,3,1561386728000
852,299.21505,3,1561386728000
853,299.21505,3,1561386728000
854,299.21505,3,1561386728000
855,299.21505,3,1561386728000
856,299.21505,3,1561386728000
857,299.21505,3,1561386728000
858,299.21505,3,1561386728000
859,299.21505,3,1561386728000
860,299.21505,3,1561386728000
861,299.21505,3,1561386728000
862,299.21505,3,1561386728000
863,299.21505,3,1561386728000
864,299.21505,3,1561386728000
865,299.21505,3,1561386728000
866,299.21505,3,1561386728000
867,299.21505,3,1561386728000
868,299.21505,3,1561386728000
869,299.21505,3,1561386728000
870,299.21505,3,1561386728000
871,299.21505,3,1561386728000
872,299.21505,3,1561386728000
873,299.21505,3,1561386728000
874,299.21505,3,1561386728000
875,299.21505,3,1561386728000
876,299.21505,3,1561386728000
877,299.21505,3,1561386728000
878,299.21505,3,1561386728000
879,299.21505,3,1561386728000
880,299.21505,3,1561386728000
881,299.21505,3,1561386728000
882,299.21505,3,1561386728000
883,299.21505,3,1561386728000
884,299.21505,3,1561386728000
885,299.21505,3,1561386728000
886,299.21505,3,1561386728000
887,299.21505,3,1561386728000
888,299.21505,3,1561386728000
889,299.21505,3,1561386728000
890,299.21505,3,1561386728000
891,299.21505,3,1561386728000
892,299.21505,3,1561386728000
893,299.21505,3,1561386728000
894,299.21505,3,1561386728000
895,299.21505,3,1561386728000
896,299.21505,3,1561386728000
897,299.21505,3,1561386728000
898,299.21505,3,1561386728000
899,299.21505,3,1561386728000
900,299.21505,3,1561386728000
901,299.21505,3,1561386728000
902,299.21505,3,1561386728000
903,299.21505,3,1561386728000
904,299.21505,3,1561386728000
905,299.21505,3,1561386728000
906,299.21505,3,1561386728000
907,299.21505,3,1561386728000
908,299.21505,3,1561386728000
909,299.21505,3,1561386728000
910,299.21505,3,1561386728000
911,299.21505,3,1561386728000
912,299.21505,3,1561386728000
913,299.21505,3,1561386728000
914,299.21505,3,1561386728000
915,299.21505,3,1561386728000
916,299.21505,3,1561386728000
917,299.21505,3,1561386728000
918,299.21505,3,1561386728000
919,299.21505,3,1561386728000
920,299.21505,3,1561386728000
921,299.21505,3,1561386728000
922,299.21505,3,1561386728000
923,299.21505,3,1561386728000
924,299.21505,3,1561386728000
925,299.21505,3,1561386728000
926,299.21505,3,1561386728000
927,299.21505,3,1561386728000
928,299.21505,3,1561386728000
929,299.21505,3,1561386728000
930,299.21505,3,1561386728000
931,299.21505,3,1561386728000
932,299.21505,3,1561386728000
933,299.21505,3,1561386728000
934,299.21505,3,1561386728000
935,299.21505,3,1561386728000
936,299.21505,3,1561386728000
937,299.21505,3,1561386728000
938,299.21505,3,1561386728000
939,299.21505,3,1561386728000
940,299.21505,3,1561386728000
941,299.21505,3,1561386728000
942,299.21505,3,1561386728000
943,299.21505,3,1561386728000
944,299.21505,3,1561386728000
945,299.21505,3,1561386728000
946,299.21505,3,1561386728000
947,299.21505,3,1561386728000
948,299.21505,3,1561386728000
949,299.21505,3,1561386728000
950,299.21505,3,1561386728000
951,299.21505,3,1561386728000
952,299.21505,3,1561386728000
953,299.21505,3,1561386728000
954,299.21505,3,1561386728000
955,299.21505,3,1561386728000
956,299.21505,3,1561386728000
957,299.21505,3,1561386728000
958,299.21505,3,1561386728000
959,299.21505,3,1561386728000
960,299.21505,3,1561386728000
961,299.21505,3,1561386728000
962,299.21505,3,1561386728000
963,299.21505,3,1561386728000
964,299.21505,3,1561386728000
965,299.21505,3,1561386728000
966,299.21505,3,1561386728000
967,299.21505,3,1561386728000
968,299.21505,3,1561386728000
969,299.21505,3,1561386728000
970,299.21505,3,1561386728000
971,299.21505,3,1561386728000
972,299.21505,3,1561386728000
973,299.21505,3,1561386728000
974,299.21505,3,1561386728000
975,299.21505,3,1561386728000
976,299.21505,3,1561386728000
977,299.21505,3,1561386728000
978,299.21505,3,1561386728000
979,299.21505,3,1561386728000
980,299.21505,3,1561386728000
981,299.21505,3,1561386728000
982,299.21505,3,1561386728000
983,299.21505,3,1561386728000
984,299.21505,3,1561386728000
985,299.21505,3,1561386728000
986,299.21505,3,1561386728000
987,299.21505,3,1561386728000
988,299.21505,3,1561386728000
989,299.21505,3,1561386728000
990,299.21505,3,1561386728000
991,299.21505,3,1561386728000
992,299.21505,3,1561386728000
993,299.21505,3,1561386728000
994,299.21505,3,1561386728000
995,299.21505,3,1561386728000
996,299.21505,3,1561386728000
997,299.21505,3,1561386728000
998,299.21505,3,1561386728000
999,299.21505,3,1561386728000
1000,299.21505,3,1561386728000
1001,299.21505,3,1561386728000
1002,299.21505,3,1561386728000
1003,299.21505,3,1561386728000
1004,299.21505,3,1561386728000
1005,299.21505,3,1561386728000
1006,299.21505,3,1561386728000
1007,299.21505,3,1561386728000
1008,299.21505,3,1561386728000
1009,299.21505,3,1561386728000
1010,299.21505,3,1561386728000
1011,299.21505,3,1561386728000
1012,299.21505,3,1561386728000
1013,299.21505,3,1561386728000
1014,299.21505,3,1561386728000
1015,299.21505,3,1561386728000
1016,299.21505,3,1561386728000
1017,299.21505,3,1561386728000
1018,299.21505,3,1561386728000
1019,299.21505,3,1561386728000
1020,299.21505,3,1561386728000
1021,299.21505,3,1561386728000
1022,299.21505,3,1561386728000
1023,299.21505,3,1561386728000
1024,299.21505,3,1561386728000
1025,299.21505,3,1561386728000
1026,299.21505,3,1561386728000
1027,299.21505,3,1561386728000
1028,299.21505,3,1561386728000
1029,299.21505,3,1561386728000
1030,299.21505,3,1561386728000
1031,299.21505,3,1561386728000
1032,299.21505,3,1561386728000
1033,299.21505,3,1561386728000
1034,299.21505,3,1561386728000
1035,299.21505,3,1561386728000
1036,299.21505,3,1561386728000
1037,299.21505,3,1561386728000
1038,299.21505,3,1561386728000
1039,299.21505,3,1561386728000
1040,299.21505,3,1561386728000
1041,299.21505,3,1561386728000
1042,299.21505,3,1561386728000
1043,299.21505,3,1561386728000
1044,299.21505,3,1561386728000
1045,299.21505,3,1561386728000
1046,299.21505,3,1561386728000
1047,299.21505,3,1561386728000
1048,299.21505,3,1561386728000
1049,299.21505,3,1561386728000
1050,299.21505,3,1561386728000
1051,299.21505,3,1561386728000
1052,299.21505,3,1561386728000
1053,299.21505,3,1561386728000
1054,299.21505,3,1561386728000
1055,299.21505,3,1561386728000
1056,299.21505,3,1561386728000
1057,299.21505,3,1561386728000
1058,299.21505,3,1561386728000
1059,299.21505,3,1561386728000
1060,299.21505,3,1561386728000
1061,299.21505,3,1561386728000
1062,299.21505,3,1561386728000
1063,299.21505,3,1561386728000
1064,299.21505,3,1561386728000
1065,299.21505,3,1561386728000
1066,299.21505,3,1561386728000
1067,299.21505,3,1561386728000
1068,299.21505,3,1561386728000
1069,299.21505,3,1561386728000
1070,299.21505,3,1561386728000
1071,299.21505,3,1561386728000
1072,299.21505,3,1561386728000
1073,299.21505,3,1561386728000
1074,299.21505,3,1561386728000
1075,299.21505,3,1561386728000
1076,299.21505,3,1561386728000
1077,299.21505,3,1561386728000
1078,299.21505,3,1561386728000
1079,299.21505,3,1561386728000
1080,299.21505,3,1561386728000
1081,299.21505,3,1561386728000
1082,299.21505,3,1561386728000
1083,299.21505,3,1561386728000
1084,299.21505,3,1561386728000
1085,299.21505,3,1561386728000
1086,299.21505,3,1561386728000
1087,299.21505,3,1561386728000
1088,299.21505,3,1561386728000
1089,299.21505,3,1561386728000
1090,299.21505,3,1561386728000
1091,299.21505,3,1561386728000
1092,299.21505,3,1561386728000
1093,299.21505,3,1561386728000
1094,299.21505,3,1561386728000
1095,299.21505,3,1561386728000
1096,299.21505,3,1561386728000
1097,299.21505,3,1561386728000
1098,299.21505,3,1561386728000
1099,299.21505,3,1561386728000
1100,299.21505,3,1561386728000
1101,299.21505,3,1561386728000
1102,299.21505,3,1561386728000
1103,299.21505,3,1561386728000
1104,299.21505,3,1561386728000
1105,299.21505,3,1561386728000
1106,299.21505,3,1561386728000
1107,299.21505,3,1561386728000
1108,299.21505,3,1561386728000
1109,299.21505,3,1561386728000
1110,299.21505,3,1561386728000
1111,299.21505,3,1561386728000
1112,299.21505,3,1561386728000
1113,299.21505,3,1561386728000
1114,299.21505,3,1561386728000
1115,299.21505,3,1561386728000
1116,299.21505,3,1561386728000
1117,299.21505,3,1561386728000
1118,299.21505,3,1561386728000
1119,299.21505,3,1561386728000
1120,299.21505,3,1561386728000
1121,299.21505,3,1561386728000
1122,299.21505,3,1561386728000
1123,299.21505,3,1561386728000
1124,299.21505,3,1561386728000
1125,299.21505,3,1561386728000
1126,299.21505,3,1561386728000
1127,299.21505,3,1561386728000
1128,299.21505,3,1561386728000
1129,299.21505,3,1561386728000
1130,299.21505,3,1561386728000
1131,299.21505,3,1561386728000
1132,299.21505,3,1561386728000
1133,299.21505,3,1561386728000
1134,299.21505,3,1561386728000
1135,299.21505,3,1561386728000
1136,299.21505,3,1561386728000
1137,299.21505,3,1561386728000
1138,299.21505,3,1561386728000
1139,299.21505,3,1561386728000
1140,299.21505,3,1561386728000
1141,299.21505,3,1561386728000
1142,299.21505,3,1561386728000
1143,299.21505,3,1561386728000
1144,299.21505,3,1561386728000
1145,299.21505,3,1561386728000
1146,299.21505,3,1561386728000
1147,299.21505,3,1561386728000
1148,299.21505,3,1561386728000
1149,299.21505,3,1561386728000
1150,299.21505,3,1561386728000
1151,299.21505,3,1561386728000
1152,299.21505,3,1561386728000
1153,299.21505,3,1561386728000
1154,299.21505,3,1561386728000
1155,299.21505,3,1561386728000
1156,299.21505,3,1561386728000
1157,299.21505,3,1561386728000
1158,299.21505,3,1561386728000
1159,299.21505,3,1561386728000
1160,299.21505,3,1561386728000
1161,299.21505,3,1561386728000
1162,299.21505,3,1561386728000
1163,299.21505,3,1561386728000
1164,299.21505,3,1561386728000
1165,299.21505,3,1561386728000
1166,299.21505,3,1561386728000
1167,299.21505,3,1561386728000
1168,299.21505,3,1561386728000
1169,299.21505,3,1561386728000
1170,299.21505,3,1561386728000
1171,299.21505,3,1561386728000
1172,299.21505,3,1561386728000
1173,299.21505,3,1561386728000
1174,299.21505,3,1561386728000
1175,299.21505,3,1561386728000
1176,299.21505,3,1561386728000
1177,299.21505,3,1561386728000
1178,299.21505,3,1561386728000
1179,299.21505,3,1561386728000
1180,299.21505,3,1561386728000
1181,299.21505,3,1561386728000
1182,299.21505,3,1561386728000
1183,299.21505,3,1561386728000
1184,299.21505,3,1561386728000
1185,299.21505,3,1561386728000
1186,299.21505,3,1561386728000
1187,299.21505,3,1561386728000
1188,299.21505,3,1561386728000
1189,299.21505,3,1561386728000
1190,299.21505,3,1561386728000
1191,299.21505,3,1561386728000
1192,299.21505,3,1561386728000
1193,299.21505,3,1561386728000
1194,299.21505,3,1561386728000
1195,299.21505,3,1561386728000
1196,299.21505,3,1561386728000
1197,299.21505,3,1561386728000
1198,299.21505,3,1561386728000
1199,299.21505,3,1561386728000
1200,299.21505,3,1561386728000
1201,299.21505,3,1561386728000
1202,299.21505,3,1561386728000
1203,299.21505,3,1561386728000
1204,299.21505,3,1561386728000
1205,299.21505,3,1561386728000
1206,299.21505,3,1561386728000
1207,299.21505,3,1561386728000
1208,299.21505,3,1561386728000
1209,299.21505,3,1561386728000
1210,299.21505,3,1561386728000
1211,299.21505,3,1561386728000
1212,299.21505,3,1561386728000
1213,299.21505,3,1561386728000
1214,299.21505,3,1561386728000
1215,299.21505,3,1561386728000
1216,299.21505,3,1561386728000
1217,299.21505,3,1561386728000
1218,299.21505,3,1561386728000
1219,299.21505,3,1561386728000
1220,299.21505,3,1561386728000
1221,299.21505,3,1561386728000
1222,299.21505,3,1561386728000
1223,299.21505,3,1561386728000
1224,299.21505,3,1561386728000
1225,299.21505,3,1561386728000
1226,299.21505,3,1561386728000
1227,299.21505,3,1561386728000
1228,299.21505,3,1561386728000
1229,299.21505,3,1561386728000
1230,299.21505,3,1561386728000
1231,299.21505,3,1561386728000
1232,299.21505,3,1561386728000
1233,299.21505,3,1561386728000
1234,299.21505,3,1561386728000
1235,299.21505,3,1561386728000
1236,299.21505,3,1561386728000
1237,299.21505,3,1561386728000
1238,299.21505,3,1561386728000
1239,299.21505,3,1561386728000
1240,299.21505,3,1561386728000
1241,299.21505,3,1561386728000
1242,299.21505,3,1561386728000
1243,299.21505,3,1561386728000
1244,299.21505,3,1561386728000
1245,299.21505,3,1561386728000
1246,299.21505,3,1561386728000
1247,299.21505,3,1561386728000
1248,299.21505,3,1561386728000
1249,299.21505,3,1561386728000
1250,299.21505,3,1561386728000
1251,299.21505,3,1561386728000
1252,299.21505,3,1561386728000
1253,299.21505,3,1561386728000
1254,299.21505,3,1561386728000
1255,299.21505,3,1561386728000
1256,299.21505,3,1561386728000
1257,299.21505,3,1561386728000
1258,299.21505,3,1561386728000
1259,299.21505,3,1561386728000
1260,299.21505,3,1561386728000
1261,299.21505,3,1561386728000
1262,299.21505,3,1561386728000
1263,299.21505,3,1561386728000
1264,299.21505,3,1561386728000
1265,299.21505,3,1561386728000
1266,299.21505,3,1561386728000
1267,299.21505,3,1561386728000
1268,299.21505,3,1561386728000
1269,299.21505,3,1561386728000
1270,299.21505,3,1561386728000
1271,299.21505,3,1561386728000
1272,299.21505,3,1561386728000
1273,299.21505,3,1561386728000
1274,299.21505,3,1561386728000
1275,299.21505,3,1561386728000
1276,299.21505,3,1561386728000
1277,299.21505,3,1561386728000
1278,299.21505,3,1561386728000
1279,299.21505,3,1561386728000
1280,299.21505,3,1561386728000
1281,299.21505,3,1561386728000
1282,299.21505,3,1561386728000
1283,299.21505,3,1561386728000
1284,299.21505,3,1561386728000
1285,299.21505,3,1561386728000
1286,299.21505,3,1561386728000
1287,299.21505,3,1561386728000
1288,299.21505,3,1561386728000
1289,299.21505,3,1561386728000
1290,299.21505,3,1561386728000
1291,299.21505,3,1561386728000
1292,299.21505,3,1561386728000
1293,299.21505,3,1561386728000
1294,299.21505,3,1561386728000
1295,299.21505,3,1561386728000
1296,299.21505,3,1561386728000
1297,299.21505,3,1561386728000
1298,299.21505,3,1561386728000
1299,299.21505,3,1561386728000
1300,299.21505,3,1561386728000
1301,299.21505,3,1561386728000
1302,299.21505,3,1561386728000
1303,299.21505,3,1561386728000
1304,299.21505,3,1561386728000
1305,299.21505,3,1561386728000
1306,299.21505,3,1561386728000
1307,299.21505,3,1561386728000
1308,299.21505,3,1561386728000
1309,299.21505,3,1561386728000
1310,299.21505,3,1561386728000
1311,299.21505,3,1561386728000
1312,299.21505,3,1561386728000
1313,299.21505,3,1561386728000
1314,299.21505,3,1561386728000
1315,299.21505,3,1561386728000
1316,299.21505,3,1561386728000
1317,299.21505,3,1561386728000
1318,299.21505,3,1561386728000
1319,299.21505,3,1561386728000
1320,299.21505,3,1561386728000
1321,299.21505,3,1561386728000
1322,299.21505,3,1561386728000
1323,299.21505,3,1561386728000
1324,299.21505,3,1561386728000
1325,299.21505,3,1561386728000
1326,299.21505,3,1561386728000
1327,299.21505,3,1561386728000
1328,299.21505,3,1561386728000
1329,299.21505,3,1561386728000
1330,299.21505,3,1561386728000
1331,299.21505,3,1561386728000
1332,299.21505,3,1561386728000
1333,299.21505,3,1561386728000
1334,299.21505,3,1561386728000
1335,299.21505,3,1561386728000
1336,299.21505,3,1561386728000
1337,299.21505,3,1561386728000
1338,299.21505,3,1561386728000
1339,299.21505,3,1561386728000
1340,299.21505,3,1561386728000
1341,299.21505,3,1561386728000
1342,299.21505,3,1561386728000
1343,299.21505,3,1561386728000
1344,299.21505,3,1561386728000
1345,299.21505,3,1561386728000
1346,299.21505,3,1561386728000
1347,299.21505,3,1561386728000
1348,299.21505,3,1561386728000
1349,299.21505,3,1561386728000
1350,299.21505,3,1561386728000
1351,299.21505,3,1561386728000
1352,299.21505,3,1561386728000
1353,299.21505,3,1561386728000
1354,299.21505,3,1561386728000
1355,299.21505,3,1561386728000
1356,299.21505,3,1561386728000
1357,299.21505,3,1561386728000
1358,299.21505,3,1561386728000
1359,299.21505,3,1561386728000
1360,299.21505,3,1561386728000
1361,299.21505,3,1561386728000
1362,299.21505,3,1561386728000
1363,299.21505,3,1561386728000
1364,299.21505,3,1561386728000
1365,299.21505,3,1561386728000
1366,299.21505,3,1561386728000
1367,299.21505,3,1561386728000
1368,299.21505,3,1561386728000
1369,299.21505,3,1561386728000
1370,299.21505,3,1561386728000
1371,299.21505,3,1561386728000
1372,299.21505,3,1561386728000
1373,299.21505,3,1561386728000
1374,299.21505,3,1561386728000
1375,299.21505,3,1561386728000
1376,299.21505,3,1561386728000
1377,299.21505,3,1561386728000
1378,299.21505,3,1561386728000
1379,299.21505,3,1561386728000
1380,299.21505,3,1561386728000
1381,299.21505,3,1561386728000
1382,299.21505,3,1561386728000
1383,299.21505,3,1561386728000
1384,299.21505,3,1561386728000
1385,299.21505,3,1561386728000
1386,299.21505,3,1561386728000
1387,299.21505,3,1561386728000
1388,299.21505,3,1561386728000
1389,299.21505,3,1561386728000
1390,299.21505,3,1561386728000
1391,299.21505,3,1561386728000
1392,299.21505,3,1561386728000
1393,299.21505,3,1561386728000
1394,299.21505,3,1561386728000
1395,299.21505,3,1561386728000
1396,299.21505,3,1561386728000
1397,299.21505,3,1561386728000
1398,299.21505,3,1561386728000
1399,299.21505,3,1561386728000
1400,299.21505,3,1561386728000
1401,299.21505,3,1561386728000
1402,299.21505,3,1561386728000
1403,299.21505,3,1561386728000
1404,299.21505,3,1561386728000
1405,299.21505,3,1561386728000
1406,299.21505,3,1561386728000
1407,299.21505,3,1561386728000
1408,299.21505,3,1561386728000
1409,299.21505,3,1561386728000
1410,299.21505,3,1561386728000
1411,299.21505,3,1561386728000
1412,299.21505,3,1561386728000
1413,299.21505,3,1561386728000
1414,299.21505,3,1561386728000
1415,299.21505,3,1561386728000
1416,299.21505,3,1561386728000
1417,299.21505,3,1561386728000
1418,299.21505,3,1561386728000
1419,299.21505,3,1561386728000
1420,299.21505,3,1561386728000
1421,299.21505,3,1561386728000
1422,299.21505,3,1561386728000
1423,299.21505,3,1561386728000
1424,299.21505,3,1561386728000
1425,299.21505,3,1561386728000
1426,299.21505,3,1561386728000
1427,299.21505,3,1561386728000
1428,299.21505,3,1561386728000
1429,299.21505,3,1561386728000
1430,299.21505,3,1561386728000
1431,299.21505,3,1561386728000
1432,299.21505,3,1561386728000
1433,299.21505,3,1561386728000
1434,299.21505,3,1561386728000
1435,299.21505,3,1561386728000
1436,299.21505,3,1561386728000
1437,299.21505,3,1561386728000
1438,299.21505,3,1561386728000
1439,299.21505,3,1561386728000
1440,299.21505,3,1561386728000
1441,299.21505,3,1561386728000
1442,299.21505,3,1561386728000
1443,299.21505,3,1561386728000
1444,299.21505,3,1561386728000
1445,299.21505,3,1561386728000
1446,299.21505,3,1561386728000
1447,299.21505,3,1561386728000
1448,299.21505,3,1561386728000
1449,299.21505,3,1561386728000
1450,299.21505,3,1561386728000
1451,299.21505,3,1561386728000
1452,299.21505,3,1561386728000
1453,299.21505,3,1561386728000
1454,299.21505,3,1561386728000
1455,299.21505,3,1561386728000
1456,299.21505,3,1561386728000
1457,299.21505,3,1561386728000
1458,299.21505,3,1561386728000
1459,299.21505,3,1561386728000
1460,299.21505,3,1561386728000
1461,299.21505,3,1561386728000
1462,299.21505,3,1561386728000
1463,299.21505,3,1561386728000
1464,299.21505,3,1561386728000
1465,299.21505,3,1561386728000
1466,299.21505,3,1561386728000
1467,299.21505,3,1561386728000
1468,299.21505,3,1561386728000
1469,299.21505,3,1561386728000
1470,299.21505,3,1561386728000
1471,299.21505,3,1561386728000
1472,299.21505,3,1561386728000
1473,299.21505,3,1561386728000
1474,299.21505,3,1561386728000
1475,299.21505,3,1561386728000
1476,299.21505,3,1561386728000
1477,299.21505,3,1561386728000
1478,299.21505,3,1561386728000
1479,299.21505,3,1561386728000
1480,299.21505,3,1561386728000
1481,299.21505,3,1561386728000
1482,299.21505,3,1561386728000
1483,299.21505,3,1561386728000
1484,299.21505,3,1561386728000
1485,299.21505,3,1561386728000
1486,299.21505,3,1561386728000
1487,299.21505,3,1561386728000
1488,299.21505,3,1561386728000
1489,299.21505,3,1561386728000
1490,299.21505,3,1561386728000
1491,299.21505,3,1561386728000
1492,299.21505,3,1561386728000
1493,299.21505,3,1561386728000
1494,299.21505,3,1561386728000
1495,299.21505,3,1561386728000
1496,299.21505,3,1561386728000
1497,299.21505,3,1561386728000
1498,299.21505,3,1561386728000
1499,299.21505,3,1561386728000
1500,299.21505,3,1561386728000
1501,299.21505,3,1561386728000
1502,299.21505,3,1561386728000
1503,299.21505,3,1561386728000
1504,299.21505,3,1561386728000
1505,299.21505,3,1561386728000
1506,299.21505,3,1561386728000
1507,299.21505,3,1561386728000
1508,299.21505,3,1561386728000
1509,299.21505,3,1561386728000
1510,299.21505,3,1561386728000
1511,299.21505,3,1561386728000
1512,299.21505,3,1561386728000
1513,299.21505,3,1561386728000
1514,299.21505,3,1561386728000
1515,299.21505,3,1561386728000
1516,299.21505,3,1561386728000
1517,299.21505,3,1561386728000
1518,299.21505,3,1561386728000
1519,299.21505,3,1561386728000
1520,299.21505,3,1561386728000
1521,299.21505,3,1561386728000
1522,299.21505,3,1561386728000
1523,299.21505,3,1561386728000
1524,299.21505,3,1561386728000
1525,299.21505,3,1561386728000
1526,299.21505,3,1561386728000
1527,299.21505,3,1561386728000
1528,299.21505,3,1561386728000
1529,299.21505,3,1561386728000
1530,299.21505,3,1561386728000
1531,299.21505,3,1561386728000
1532,299.21505,3,1561386728000
1533,299.21505,3,1561386728000
1534,299.21505,3,1561386728000
1535,299.21505,3,1561386728000
1536,299.21505,3,1561386728000
1537,299.21505,3,1561386728000
1538,299.21505,3,1561386728000
1539,299.21505,3,1561386728000
1540,299.21505,3,1561386728000
1541,299.21505,3,1561386728000
1542,299.21505,3,1561386728000
1543,299.21505,3,1561386728000
1544,299.21505,3,1561386728000
1545,299.21505,3,1561386728000
1546,299.21505,3,1561386728000
1547,299.21505,3,1561386728000
1548,299.21505,3,1561386728000
1549,299.21505,3,1561386728000
1550,299.21505,3,1561386728000
1551,299.21505,3,1561386728000
1552,299.21505,3,1561386728000
1553,299.21505,3,1561386728000
1554,299.21505,3,1561386728000
1555,299.21505,3,1561386728000
1556,299.21505,3,1561386728000
1557,299.21505,3,1561386728000
1558,299.21505,3,1561386728000
1559,299.21505,3,1561386728000
1560,299.21505,3,1561386728000
1561,299.21505,3,1561386728000
1562,299.21505,3,1561386728000
1563,299.21505,3,1561386728000
1564,299.21505,3,1561386728000
1565,299.21505,3,1561386728000
1566,299.21505,3,1561386728000
1567,299.21505,3,1561386728000
1568,299.21505,3,1561386728000
1569,299.21505,3,1561386728000
1570,299.21505,3,1561386728000
1571,299.21505,3,1561386728000
1572,299.21505,3,1561386728000
1573,299.21505,3,1561386728000
1574,299.21505,3,1561386728000
1575,299.21505,3,1561386728000
1576,299.21505,3,1561386728000
1577,299.21505,3,1561386728000
1578,299.21505,3,1561386728000
1579,299.21505,3,1561386728000
1580,299.21505,3,1561386728000
1581,299.21505,3,1561386728000
1582,299.21505,3,1561386728000
1583,299.21505,3,1561386728000
1584,299.21505,3,1561386728000
1585,299.21505,3,1561386728000
1586,299.21505,3,1561386728000
1587,299.21505,3,1561386728000
1588,299.21505,3,1561386728000
1589,299.21505,3,1561386728000
1590,299.21505,3,1561386728000
1591,299.21505,3,1561386728000
1592,299.21505,3,1561386728000
1593,299.21505,3,1561386728000
1594,299.21505,3,1561386728000
1595,299.21505,3,1561386728000
1596,299.21505,3,1561386728000
1597,299.21505,3,1561386728000
1598,299.21505,3,1561386728000
1599,299.21505,3,1561386728000
1600,299.21505,3,1561386728000
1601,299.21505,3,1561386728000
1602,299.21505,3,1561386728000
1603,299.21505,3,1561386728000
1604,299.21505,3,1561386728000
1605,299.21505,3,1561386728000
1606,299.21505,3,1561386728000
1607,299.21505,3,1561386728000
1608,299.21505,3,1561386728000
1609,299.21505,3,1561386728000
1610,299.21505,3,1561386728000
1611,299.21505,3,1561386728000
1612,299.21505,3,1561386728000
1613,299.21505,3,1561386728000
1614,299.21505,3,1561386728000
1615,299.21505,3,1561386728000
1616,299.21505,3,1561386728000
1617,299.21505,3,1561386728000
1618,299.21505,3,1561386728000
1619,299.21505,3,1561386728000
1620,299.21505,3,1561386728000
1621,299.21505,3,1561386728000
1622,299.21505,3,1561386728000
1623,299.21505,3,1561386728000
1624,299.21505,3,1561386728000
1625,299.21505,3,1561386728000
1626,299.21505,3,1561386728000
1627,299.21505,3,1561386728000
1628,299.21505,3,1561386728000
1629,299.21505,3,1561386728000
1630,299.21505,3,1561386728000
1631,299.21505,3,1561386728000
1632,299.21505,3,1561386728000
1633,299.21505,3,1561386728000
1634,299.21505,3,1561386728000
1635,299.21505,3,1561386728000
1636,299.21505,3,1561386728000
1637,299.21505,3,1561386728000
1638,299.21505,3,1561386728000
1639,299.21505,3,1561386728000
1640,299.21505,3,1561386728000
1641,299.21505,3,1561386728000
1642,299.21505,3,1561386728000
1643,299.21505,3,1561386728000
1644,299.21505,3,1561386728000
1645,299.21505,3,1561386728000
1646,299.21505,3,1561386728000
1647,299.21505,3,1561386728000
1648,299.21505,3,1561386728000
1649,299.21505,3,1561386728000
1650,299.21505,3,1561386728000
1651,299.21505,3,1561386728000
1652,299.21505,3,1561386728000
1653,299.21505,3,1561386728000
1654,299.21505,3,1561386728000
1655,299.21505,3,1561386728000
1656,299.21505,3,1561386728000
1657,299.21505,3,1561386728000
1658,299.21505,3,1561386728000
1659,299.21505,3,1561386728000
1660,299.21505,3,1561386728000
1661,299.21505,3,1561386728000
1662,299.21505,3,1561386728000
1663,299.21505,3,1561386728000
1664,299.21505,3,1561386728000
1665,299.21505,3,1561386728000
1666,299.21505,3,1561386728000
1667,299.21505,3,1561386728000
1668,299.21505,3,1561386728000
1669,299.21505,3,1561386728000
1670,299.21505,3,1561386728000
1671,299.21505,3,1561386728000
1672,299.21505,3,1561386728000
1673,299.21505,3,1561386728000
1674,299.21505,3,1561386728000
1675,299.21505,3,1561386728000
1676,299.21505,3,1561386728000
1677,299.21505,3,1561386728000
1678,299.21505,3,1561386728000
1679,299.21505,3,1561386728000
1680,299.21505,3,1561386728000
1681,299.21505,3,1561386728000
1682,299.21505,3,1561386728000
1683,299.21505,3,1561386728000
1684,299.21505,3,1561386728000
1685,299.21505,3,1561386728000
1686,299.21505,3,1561386728000
1687,299.21505,3,1561386728000
1688,299.21505,3,1561386728000
1689,299.21505,3,1561386728000
1690,299.21505,3,1561386728000
1691,299.21505,3,1561386728000
1692,299.21505,3,1561386728000
1693,299.21505,3,1561386728000
1694,299.21505,3,1561386728000
1695,299.21505,3,1561386728000
1696,299.21505,3,1561386728000
1697,299.21505,3,1561386728000
1698,299.21505,3,1561386728000
1699,299.21505,3,1561386728000
1700,299.21505,3,1561386728000
1701,299.21505,3,1561386728000
1702,299.21505,3,1561386728000
1703,299.21505,3,1561386728000
1704,299.21505,3,1561386728000
1705,299.21505,3,1561386728000
1706,299.21505,3,1561386728000
1707,299.21505,3,1561386728000
1708,299.21505,3,1561386728000
1709,299.21505,3,1561386728000
1710,299.21505,3,1561386728000
1711,299.21505,3,1561386728000
1712,299.21505,3,1561386728000
1713,299.21505,3,1561386728000
1714,299.21505,3,1561386728000
1715,299.21505,3,1561386728000
1716,299.21505,3,1561386728000
1717,299.21505,3,1561386728000
1718,299.21505,3,1561386728000
1719,299.21505,3,1561386728000
1720,299.21505,3,1561386728000
1721,299.21505,3,1561386728000
1722,299.21505,3,1561386728000
1723,299.21505,3,1561386728000
1724,299.21505,3,1561386728000
1725,299.21505,3,1561386728000
1726,299.21505,3,1561386728000
1727,299.21505,3,1561386728000
1728,299.21505,3,1561386728000
1729,299.21505,3,1561386728000
1730,299.21505,3,1561386728000
1731,299.21505,3,1561386728000
1732,299.21505,3,1561386728000
1733,299.21505,3,1561386728000
1734,299.21505,3,1561386728000
1735,299.21505,3,1561386728000
1736,299.21505,3,1561386728000
1737,299.21505,3,1561386728000
1738,299.21505,3,1561386728000
1739,299.21505,3,1561386728000
1740,299.21505,3,1561386728000
1741,299.21505,3,1561386728000
1742,299.21505,3,1561386728000
1743,299.21505,3,1561386728000
1744,299.21505,3,1561386728000
1745,299.21505,3,1561386728000
1746,299.21505,3,1561386728000
1747,299.21505,3,1561386728000
1748,299.21505,3,1561386728000
1749,299.21505,3,1561386728000
1750,299.21505,3,1561386728000
1751,299.21505,3,1561386728000
1752,299.21505,3,1561386728000
1753,299.21505,3,1561386728000
1754,299.21505,3,1561386728000
1755,299.21505,3,1561386728000
1756,299.21505,3,1561386728000
1757,299.21505,3,1561386728000
1758,299.21505,3,1561386728000
1759,299.21505,3,1561386728000
1760,299.21505,3,1561386728000
1761,299.21505,3,1561386728000
1762,299.21505,3,1561386728000
1763,299.21505,3,1561386728000
1764,299.21505,3,1561386728000
1765,299.21505,3,1561386728000
1766,299.21505,3,1561386728000
1767,299.21505,3,1561386728000
1768,299.21505,3,1561386728000
1769,299.21505,3,1561386728000
1770,299.21505,3,1561386728000
1771,299.21505,3,1561386728000
1772,299.21505,3,1561386728000
1773,299.21505,3,1561386728000
1774,299.21505,3,1561386728000
1775,299.21505,3,1561386728000
1776,299.21505,3,1561386728000
1777,299.21505,3,1561386728000
1778,299.21505,3,1561386728000
1779,299.21505,3,1561386728000
1780,299.21505,3,1561386728000
1781,299.21505,3,1561386728000
1782,299.21505,3,1561386728000
1783,299.21505,3,1561386728000
1784,299.21505,3,1561386728000
1785,299.21505,3,1561386728000
1786,299.21505,3,1561386728000
1787,299.21505,3,1561386728000
1788,299.21505,3,1561386728000
1789,299.21505,3,1561386728000
1790,299.21505,3,1561386728000
1791,299.21505,3,1561386728000
1792,299.21505,3,1561386728000
1793,299.21505,3,1561386728000
1794,299.21505,3,1561386728000
1795,299.21505,3,1561386728000
1796,299.21505,3,1561386728000
1797,299.21505,3,1561386728000
1798,299.21505,3,1561386728000
1799,299.21505,3,1561386728000
1800,299.21505,3,1561386728000
1801,299.21505,3,1561386728000
1802,299.21505,3,1561386728000
1803,299.21505,3,1561386728000
1804,299.21505,3,1561386728000
1805,299.21505,3,1561386728000
1806,299.21505,3,1561386728000
1807,299.21505,3,1561386728000
1808,299.21505,3,1561386728000
1809,299.21505,3,1561386728000
1810,299.21505,3,1561386728000
1811,299.21505,3,1561386728000
1812,299.21505,3,1561386728000
1813,299.21505,3,1561386728000
1814,299.21505,3,1561386728000
1815,299.21505,3,1561386728000
1816,299.21505,3,1561386728000
1817,299.21505,3,1561386728000
1818,299.21505,3,1561386728000
1819,299.21505,3,1561386728000
1820,299.21505,3,1561386728000
1821,299.21505,3,1561386728000
1822,299.21505,3,1561386728000
1823,299.21505,3,1561386728000
1824,299.21505,3,1561386728000
1825,299.21505,3,1561386728000
1826,299.21505,3,1561386728000
1827,299.21505,3,1561386728000
1828,299.21505,3,1561386728000
1829,299.21505,3,1561386728000
1830,299.21505,3,1561386728000
1831,299.21505,3,1561386728000
1832,299.21505,3,1561386728000
1833,299.21505,3,1561386728000
1834,299.21505,3,1561386728000
1835,299.21505,3,1561386728000
1836,299.21505,3,1561386728000
1837,299.21505,3,1561386728000
1838,299.21505,3,1561386728000
1839,299.21505,3,1561386728000
1840,299.21505,3,1561386728000
1841,299.21505,3,1561386728000
1842,299.21505,3,1561386728000
1843,299.21505,3,1561386728000
1844,299.21505,3,1561386728000
1845,299.21505,3,1561386728000
1846,299.21505,3,1561386728000
1847,299.21505,3,1561386728000
1848,299.21505,3,1561386728000
1849,299.21505,3,1561386728000
1850,299.21505,3,1561386728000
1851,299.21505,3,1561386728000
1852,299.21505,3,1561386728000
1853,299.21505,3,1561386728000
1854,299.21505,3,1561386728000
1855,299.21505,3,1561386728000
1856,299.21505,3,1561386728000
1857,299.21505,3,1561386728000
1858,299.21505,3,1561386728000
1859,299.21505,3,1561386728000
1860,299.21505,3,1561386728000
1861,299.21505,3,1561386728000
1862,299.21505,3,1561386728000
1863,299.21505,3,1561386728000
1864,299.21505,3,1561386728000
1865,299.21505,3,1561386728000
1866,299.21505,3,1561386728000
1867,299.21505,3,1561386728000
1868,299.21505,3,1561386728000
1869,299.21505,3,1561386728000
1870,299.21505,3,1561386728000
1871,299.21505,3,1561386728000
1872,299.21505,3,1561386728000
1873,299.21505,3,1561386728000
1874,299.21505,3,1561386728000
1875,299.21505,3,1561386728000
1876,299.21505,3,1561386728000
1877,299.21505,3,1561386728000
1878,299.21505,3,1561386728000
1879,299.21505,3,1561386728000
1880,299.21505,3,1561386728000
1881,299.21505,3,1561386728000
1882,299.21505,3,1561386728000
1883,299.21505,3,1561386728000
1884,299.21505,3,1561386728000
1885,299.21505,3,1561386728000
1886,299.21505,3,1561386728000
1887,299.21505,3,1561386728000
1888,299.21505,3,1561386728000
1889,299.21505,3,1561386728000
1890,299.21505,3,1561386728000
1891,299.21505,3,1561386728000
1892,299.21505,3,1561386728000
1893,299.21505,3,1561386728000
1894,299.21505,3,1561386728000
1895,299.21505,3,1561386728000
1896,299.21505,3,1561386728000
1897,299.21505,3,1561386728000
1898,299.21505,3,1561386728000
1899,299.21505,3,1561386728000
1900,299.21505,3,1561386728000
1901,299.21505,3,1561386728000
1902,299.21505,3,1561386728000
1903,299.21505,3,1561386728000
1904,299.21505,3,1561386728000
1905,299.21505,3,1561386728000
1906,299.21505,3,1561386728000
1907,299.21505,3,1561386728000
1908,299.21505,3,1561386728000
1909,299.21505,3,1561386728000
1910,299.21505,3,1561386728000
1911,299.21505,3,1561386728000
1912,299.21505,3,1561386728000
1913,299.21505,3,1561386728000
1914,299.21505,3,1561386728000
1915,299.21505,3,1561386728000
1916,299.21505,3,1561386728000
1917,299.21505,3,1561386728000
1918,299.21505,3,1561386728000
1919,299.21505,3,1561386728000
1920,299.21505,3,1561386728000
1921,299.21505,3,1561386728000
1922,299.21505,3,1561386728000
1923,299.21505,3,1561386728000
1924,299.21505,3,1561386728000
1925,299.21505,3,1561386728000
1926,299.21505,3,1561386728000
1927,299.21505,3,1561386728000
1928,299.21505,3,1561386728000
1929,299.21505,3,1561386728000
1930,299.21505,3,1561386728000
1931,299.21505,3,1561386728000
1932,299.21505,3,1561386728000
1933,299.21505,3,1561386728000
1934,299.21505,3,1561386728000
1935,299.21505,3,1561386728000
1936,299.21505,3,1561386728000
1937,299.21505,3,1561386728000
1938,299.21505,3,1561386728000
1939,299.21505,3,1561386728000
1940,299.21505,3,1561386728000
1941,299.21505,3,1561386728000
1942,299.21505,3,1561386728000
1943,299.21505,3,1561386728000
1944,299.21505,3,1561386728000
1945,299.21505,3,1561386728000
1946,299.21505,3,1561386728000
1947,299.21505,3,1561386728000
1948,299.21505,3,1561386728000
1949,299.21505,3,1561386728000
1950,299.21505,3,1561386728000
1951,299.21505,3,1561386728000
1952,299.21505,3,1561386728000
1953,299.21505,3,1561386728000
1954,299.21505,3,1561386728000
1955,299.21505,3,1561386728000
1956,299.21505,3,1561386728000
1957,299.21505,3,1561386728000
1958,299.21505,3,1561386728000
1959,299.21505,3,1561386728000
1960,299.21505,3,1561386728000
1961,299.21505,3,1561386728000
1962,299.21505,3,1561386728000
1963,299.21505,3,1561386728000
1964,299.21505,3,1561386728000
1965,299.21505,3,1561386728000
1966,299.21505,3,1561386728000
1967,299.21505,3,1561386728000
1968,299.21505,3,1561386728000
1969,299.21505,3,1561386728000
1970,299.21505,3,1561386728000
1971,299.21505,3,1561386728000
1972,299.21505,3,1561386728000
1973,299.21505,3,1561386728000
1974,299.21505,3,1561386728000
1975,299.21505,3,1561386728000
1976,299.21505,3,1561386728000
1977,299.21505,3,1561386728000
1978,299.21505,3,1561386728000
1979,299.21505,3,1561386728000
1980,299.21505,3,1561386728000
1981,299.21505,3,1561386728000
1982,299.21505,3,1561386728000
1983,299.21505,3,1561386728000
1984,299.21505,3,1561386728000
1985,299.21505,3,1561386728000
1986,299.21505,3,1561386728000
1987,299.21505,3,1561386728000
1988,299.21505,3,1561386728000
1989,299.21505,3,1561386728000
1990,299.21505,3,1561386728000
1991,299.21505,3,1561386728000
1992,299.21505,3,1561386728000
1993,299.21505,3,1561386728000
1994,299.21505,3,1561386728000
1995,299.21505,3,1561386728000
1996,299.21505,3,1561386728000
1997,299.21505,3,1561386728000
1998,299.21505,3,1561386728000
1999,299.21505,3,1561386728000
2000,299.21505,3,1561386728000
2001,299.21505,3,1561386728000
2002,299.21505,3,1561386728000
2003,299.21505,3,1561386728000
2004,299.21505,3,1561386728000
2005,299.21505,3,1561386728000
2006,299.21505,3,1561386728000
2007,299.21505,3,1561386728000
2008,299.21505,3,1561386728000
2009,299.21505,3,1561386728000
2010,299.21505,3,1561386728000
2011,299.21505,3,1561386728000
2012,299.21505,3,1561386728000
2013,299.21505,3,1561386728000
2014,299.21505,3,1561386728000
2015,299.21505,3,1561386728000
2016,299.21505,3,1561386728000
2017,299.21505,3,1561386728000
2018,299.21505,3,1561386728000
2019,299.21505,3,1561386728000
2020,299.21505,3,1561386728000
2021,299.21505,3,1561386728000
2022,299.21505,3,1561386728000
2023,299.21505,3,1561386728000
2024,299.21505,3,1561386728000
2025,299.21505,3,1561386728000
2026,299.21505,3,1561386728000
2027,299.21505,3,1561386728000
2028,299.21505,3,1561386728000
2029,299.21505,3,1561386728000
2030,299.21505,3,1561386728000
2031,299.21505,3,1561386728000
2032,299.21505,3,1561386728000
2033,299.21505,3,1561386728000
2034,299.21505,3,1561386728000
2035,299.21505,3,1561386728000
2036,299.21505,3,1561386728000
2037,299.21505,3,1561386728000
2038,299.21505,3,1561386728000
2039,299.21505,3,1561386728000
2040,299.21505,3,1561386728000
2041,299.21505,3,1561386728000
2042,299.21505,3,1561386728000
2043,299.21505,3,1561386728000
2044,299.21505,3,1561386728000
2045,299.21505,3,1561386728000
2046,299.21505,3,1561386728000
2047,299.21505,3,1561386728000
2048,299.21505,3,1561386728000
2049,299.21505,3,1561386728000
2050,299.21505,3,1561386728000
2051,299.21505,3,1561386728000
2052,299.21505,3,1561386728000
2053,299.21505,3,1561386728000
2054,299.21505,3,1561386728000
2055,299.21505,3,1561386728000
2056,299.21505,3,1561386728000
2057,299.21505,3,1561386728000
2058,299.21505,3,1561386728000
2059,299.21505,3,1561386728000
2060,299.21505,3,1561386728000
2061,299.21505,3,1561386728000
2062,299.21505,3,1561386728000
2063,299.21505,3,1561386728000
2064,299.21505,3,1561386728000
2065,299.21505,3,1561386728000
2066,299.21505,3,1561386728000
2067,299.21505,3,1561386728000
2068,299.21505,3,1561386728000
2069,299.21505,3,1561386728000
2070,299.21505,3,1561386728000
2071,299.21505,3,1561386728000
2072,299.21505,3,1561386728000
2073,299.21505,3,1561386728000
2074,299.21505,3,1561386728000
2075,299.21505,3,1561386728000
2076,299.21505,3,1561386728000
2077,299.21505,3,1561386728000
2078,299.21505,3,1561386728000
2079,299.21505,3,1561386728000
2080,299.21505,3,1561386728000
2081,299.21505,3,1561386728000
2082,299.21505,3,1561386728000
2083,299.21505,3,1561386728000
2084,299.21505,3,1561386728000
2085,299.21505,3,1561386728000
2086,299.21505,3,1561386728000
2087,299.21505,3,1561386728000
2088,299.21505,3,1561386728000
2089,299.21505,3,1561386728000
2090,299.21505,3,1561386728000
2091,299.21505,3,1561386728000
2092,299.21505,3,1561386728000
2093,299.21505,3,1561386728000
2094,299.21505,3,1561386728000
2095,299.21505,3,1561386728000
2096,299.21505,3,1561386728000
2097,299.21505,3,1561386728000
2098,299.21505,3,1561386728000
2099,299.21505,3,1561386728000
2100,299.21505,3,1561386728000
2101,299.21505,3,1561386728000
2102,299.21505,3,1561386728000
2103,299.21505,3,1561386728000
2104,299.21505,3,1561386728000
2105,299.21505,3,1561386728000
2106,299.21505,3,1561386728000
2107,299.21505,3,1561386728000
2108,299.21505,3,1561386728000
2109,299.21505,3,1561386728000
2110,299.21505,3,1561386728000
2111,299.21505,3,1561386728000
2112,299.21505,3,1561386728000
2113,299.21505,3,1561386728000
2114,299.21505,3,1561386728000
2115,299.21505,3,1561386728000
2116,299.21505,3,1561386728000
2117,299.21505,3,1561386728000
2118,299.21505,3,1561386728000
2119,299.21505,3,1561386728000
2120,299.21505,3,1561386728000
2121,299.21505,3,1561386728000
2122,299.21505,3,1561386728000
2123,299.21505,3,1561386728000
2124,299.21505,3,1561386728000
2125,299.21505,3,1561386728000
2126,299.21505,3,1561386728000
2127,299.21505,3,1561386728000
2128,299.21505,3,1561386728000
2129,299.21505,3,1561386728000
2130,299.21505,3,1561386728000
2131,299.21505,3,1561386728000
2132,299.21505,3,1561386728000
2133,299.21505,3,1561386728000
2134,299.21505,3,1561386728000
2135,299.21505,3,1561386728000
2136,299.21505,3,1561386728000
2137,299.21505,3,1561386728000
2138,299.21505,3,1561386728000
2139,299.21505,3,1561386728000
2140,299.21505,3,1561386728000
2141,299.21505,3,1561386728000
2142,299.21505,3,1561386728000
2143,299.21505,3,1561386728000
2144,299.21505,3,1561386728000
2145,299.21505,3,1561386728000
2146,299.21505,3,1561386728000
2147,299.21505,3,1561386728000
2148,299.21505,3,1561386728000
2149,299.21505,3,1561386728000
2150,299.21505,3,1561386728000
2151,299.21505,3,1561386728000
2152,299.21505,3,1561386728000
2153,299.21505,3,1561386728000
2154,299.21505,3,1561386728000
2155,299.21505,3,1561386728000
2156,299.21505,3,1561386728000
2157,299.21505,3,1561386728000
2158,299.21505,3,1561386728000
2159,299.21505,3,1561386728000
2160,299.21505,3,1561386728000
2161,299.21505,3,1561386728000
2162,299.21505,3,1561386728000
2163,299.21505,3,1561386728000
2164,299.21505,3,1561386728000
2165,299.21505,3,1561386728000
2166,299.21505,3,1561386728000
2167,299.21505,3,1561386728000
2168,299.21505,3,1561386728000
2169,299.21505,3,1561386728000
2170,299.21505,3,1561386728000
2171,299.21505,3,1561386728000
2172,299.21505,3,1561386728000
2173,299.21505,3,1561386728000
2174,299.21505,3,1561386728000
2175,299.21505,3,1561386728000
2176,299.21505,3,1561386728000
2177,299.21505,3,1561386728000
2178,299.21505,3,1561386728000
2179,299.21505,3,1561386728000
2180,299.21505,3,1561386728000
2181,299.21505,3,1561386728000
2182,299.21505,3,1561386728000
2183,299.21505,3,1561386728000
2184,299.21505,3,1561386728000
2185,299.21505,3,1561386728000
2186,299.21505,3,1561386728000
2187,299.21505,3,1561386728000
2188,299.21505,3,1561386728000
2189,299.21505,3,1561386728000
2190,299.21505,3,1561386728000
2191,299.21505,3,1561386728000
2192,299.21505,3,1561386728000
2193,299.21505,3,1561386728000
2194,299.21505,3,1561386728000
2195,299.21505,3,1561386728000
2196,299.21505,3,1561386728000
2197,299.21505,3,1561386728000
2198,299.21505,3,1561386728000
2199,299.21505,3,1561386728000
2200,299.21505,3,1561386728000
2201,299.21505,3,1561386728000
2202,299.21505,3,1561386728000
2203,299.21505,3,1561386728000
2204,299.21505,3,1561386728000
2205,299.21505,3,1561386728000
2206,299.21505,3,1561386728000
2207,299.21505,3,1561386728000
2208,299.21505,3,1561386728000
2209,299.21505,3,1561386728000
2210,299.21505,3,1561386728000
2211,299.21505,3,1561386728000
2212,299.21505,3,1561386728000
2213,299.21505,3,1561386728000
2214,299.21505,3,1561386728000
2215,299.21505,3,1561386728000
2216,299.21505,3,1561386728000
2217,299.21505,3,1561386728000
2218,299.21505,3,1561386728000
2219,299.21505,3,1561386728000
2220,299.21505,3,1561386728000
2221,299.21505,3,1561386728000
2222,299.21505,3,1561386728000
2223,299.21505,3,1561386728000
2224,299.21505,3,1561386728000
2225,299.21505,3,1561386728000
2226,299.21505,3,1561386728000
2227,299.21505,3,1561386728000
2228,299.21505,3,1561386728000
2229,299.21505,3,1561386728000
2230,299.21505,3,1561386728000
2231,299.21505,3,1561386728000
2232,299.21505,3,1561386728000
2233,299.21505,3,1561386728000
2234,299.21505,3,1561386728000
2235,299.21505,3,1561386728000
2236,299.21505,3,1561386728000
2237,299.21505,3,1561386728000
2238,299.21505,3,1561386728000
2239,299.21505,3,1561386728000
2240,299.21505,3,1561386728000
2241,299.21505,3,1561386728000
2242,299.21505,3,1561386728000
2243,299.21505,3,1561386728000
2244,299.21505,3,1561386728000
2245,299.21505,3,1561386728000
2246,299.21505,3,1561386728000
2247,299.21505,3,1561386728000
2248,299.21505,3,1561386728000
2249,299.21505,3,1561386728000
2250,299.21505,3,1561386728000
2251,299.21505,3,1561386728000
2252,299.21505,3,1561386728000
2253,299.21505,3,1561386728000
2254,299.21505,3,1561386728000
2255,299.21505,3,1561386728000
2256,299.21505,3,1561386728000
2257,299.21505,3,1561386728000
2258,299.21505,3,1561386728000
2259,299.21505,3,1561386728000
2260,299.21505,3,1561386728000
2261,299.21505,3,1561386728000
2262,299.21505,3,1561386728000
2263,299.21505,3,1561386728000
2264,299.21505,3,1561386728000
2265,299.21505,3,1561386728000
2266,299.21505,3,1561386728000
2267,299.21505,3,1561386728000
2268,299.21505,3,1561386728000
2269,299.21505,3,1561386728000
2270,299.21505,3,1561386728000
2271,299.21505,3,1561386728000
2272,299.21505,3,1561386728000
2273,299.21505,3,1561386728000
2274,299.21505,3,1561386728000
2275,299.21505,3,1561386728000
2276,299.21505,3,1561386728000
2277,299.21505,3,1561386728000
2278,299.21505,3,1561386728000
2279,299.21505,3,1561386728000
2280,299.21505,3,1561386728000
2281,299.21505,3,1561386728000
2282,299.21505,3,1561386728000
2283,299.21505,3,1561386728000
2284,299.21505,3,1561386728000
2285,299.21505,3,1561386728000
2286,299.21505,3,1561386728000
2287,299.21505,3,1561386728000
2288,299.21505,3,1561386728000
2289,299.21505,3,1561386728000
2290,299.21505,3,1561386728000
2291,299.21505,3,1561386728000
2292,299.21505,3,1561386728000
2293,299.21505,3,1561386728000
2294,299.21505,3,1561386728000
2295,299.21505,3,1561386728000
2296,299.21505,3,1561386728000
2297,299.21505,3,1561386728000
2298,299.21505,3,1561386728000
2299,299.21505,3,1561386728000
2300,299.21505,3,1561386728000
2301,299.21505,3,1561386728000
2302,299.21505,3,1561386728000
2303,299.21505,3,1561386728000
2304,299.21505,3,1561386728000
2305,299.21505,3,1561386728000
2306,299.21505,3,1561386728000
2307,299.21505,3,1561386728000
2308,299.21505,3,1561386728000
2309,299.21505,3,1561386728000
2310,299.21505,3,1561386728000
2311,299.21505,3,1561386728000
2312,299.21505,3,1561386728000
2313,299.21505,3,1561386728000
2314,299.21505,3,1561386728000
2315,299.21505,3,1561386728000
2316,299.21505,3,1561386728000
2317,299.21505,3,1561386728000
2318,299.21505,3,1561386728000
2319,299.21505,3,1561386728000
2320,299.21505,3,1561386728000
2321,299.21505,3,1561386728000
2322,299.21505,3,1561386728000
2323,299.21505,3,1561386728000
2324,299.21505,3,1561386728000
2325,299.21505,3,1561386728000
2326,299.21505,3,1561386728000
2327,299.21505,3,1561386728000
2328,299.21505,3,1561386728000
2329,299.21505,3,1561386728000
2330,299.21505,3,1561386728000
2331,299.21505,3,1561386728000
2332,299.21505,3,1561386728000
2333,299.21505,3,1561386728000
2334,299.21505,3,1561386728000
2335,299.21505,3,1561386728000
2336,299.21505,3,1561386728000
2337,299.21505,3,1561386728000
2338,299.21505,3,1561386728000
2339,299.21505,3,1561386728000
2340,299.21505,3,1561386728000
2341,299.21505,3,1561386728000
2342,299.21505,3,1561386728000
2343,299.21505,3,1561386728000
2344,299.21505,3,1561386728000
2345,299.21505,3,1561386728000
2346,299.21505,3,1561386728000
2347,299.21505,3,1561386728000
2348,299.21505,3,1561386728000
2349,299.21505,3,1561386728000
2350,299.21505,3,1561386728000
2351,299.21505,3,1561386728000
2352,299.21505,3,1561386728000
2353,299.21505,3,1561386728000
2354,299.21505,3,1561386728000
2355,299.21505,3,1561386728000
2356,299.21505,3,1561386728000
2357,299.21505,3,1561386728000
2358,299.21505,3,1561386728000
2359,299.21505,3,1561386728000
2360,299.21505,3,1561386728000
2361,299.21505,3,1561386728000
2362,299.21505,3,1561386728000
2363,299.21505,3,1561386728000
2364,299.21505,3,1561386728000
2365,299.21505,3,1561386728000
2366,299.21505,3,1561386728000
2367,299.21505,3,1561386728000
2368,299.21505,3,1561386728000
2369,299.21505,3,1561386728000
2370,299.21505,3,1561386728000
2371,299.21505,3,1561386728000
2372,299.21505,3,1561386728000
2373,299.21505,3,1561386728000
2374,299.21505,3,1561386728000
2375,299.21505,3,1561386728000
2376,299.21505,3,1561386728000
2377,299.21505,3,1561386728000
2378,299.21505,3,1561386728000
2379,299.21505,3,1561386728000
2380,299.21505,3,1561386728000
2381,299.21505,3,1561386728000
2382,299.21505,3,1561386728000
2383,299.21505,3,1561386728000
2384,299.21505,3,1561386728000
2385,299.21505,3,1561386728000
2386,299.21505,3,1561386728000
2387,299.21505,3,1561386728000
2388,299.21505,3,1561386728000
2389,299.21505,3,1561386728000
2390,299.21505,3,1561386728000
2391,299.21505,3,1561386728000
2392,299.21505,3,1561386728000
2393,299.21505,3,1561386728000
2394,299.21505,3,1561386728000
2395,299.21505,3,1561386728000
2396,299.21505,3,1561386728000
2397,299.21505,3,1561386728000
2398,299.21505,3,1561386728000
2399,299.21505,3,1561386728000
2400,299.21505,3,1561386728000
2401,299.21505,3,1561386728000
2402,299.21505,3,1561386728000
2403,299.21505,3,1561386728000
2404,299.21505,3,1561386728000
2405,299.21505,3,1561386728000
2406,299.21505,3,1561386728000
2407,299.21505,3,1561386728000
2408,299.21505,3,1561386728000
2409,299.21505,3,1561386728000
2410,299.21505,3,1561386728000
2411,299.21505,3,1561386728000
2412,299.21505,3,1561386728000
2413,299.21505,3,1561386728000
2414,299.21505,3,1561386728000
2415,299.21505,3,1561386728000
2416,299.21505,3,1561386728000
2417,299.21505,3,1561386728000
2418,299.21505,3,1561386728000
2419,299.21505,3,1561386728000
2420,299.21505,3,1561386728000
2421,299.21505,3,1561386728000
2422,299.21505,3,1561386728000
2423,299.21505,3,1561386728000
2424,299.21505,3,1561386728000
2425,299.21505,3,1561386728000
2426,299.21505,3,1561386728000
2427,299.21505,3,1561386728000
2428,299.21505,3,1561386728000
2429,299.21505,3,1561386728000
2430,299.21505,3,1561386728000
2431,299.21505,3,1561386728000
2432,299.21505,3,1561386728000
2433,299.21505,3,1561386728000
2434,299.21505,3,1561386728000
2435,299.21505,3,1561386728000
2436,299.21505,3,1561386728000
2437,299.21505,3,1561386728000
2438,299.21505,3,1561386728000
2439,299.21505,3,1561386728000
2440,299.21505,3,1561386728000
2441,299.21505,3,1561386728000
2442,299.21505,3,1561386728000
2443,299.21505,3,1561386728000
2444,299.21505,3,1561386728000
2445,299.21505,3,1561386728000
2446,299.21505,3,1561386728000
2447,299.21505,3,1561386728000
2448,299.21505,3,1561386728000
2449,299.21505,3,1561386728000
2450,299.21505,3,1561386728000
2451,299.21505,3,1561386728000
2452,299.21505,3,1561386728000
2453,299.21505,3,1561386728000
2454,299.21505,3,1561386728000
2455,299.21505,3,1561386728000
2456,299.21505,3,1561386728000
2457,299.21505,3,1561386728000
2458,299.21505,3,1561386728000
2459,299.21505,3,1561386728000
2460,299.21505,3,1561386728000
2461,299.21505,3,1561386728000
2462,299.21505,3,1561386728000
2463,299.21505,3,1561386728000
2464,299.21505,3,1561386728000
2465,299.21505,3,1561386728000
2466,299.21505,3,1561386728000
2467,299.21505,3,1561386728000
2468,299.21505,3,1561386728000
2469,299.21505,3,1561386728000
2470,299.21505,3,1561386728000
2471,299.21505,3,1561386728000
2472,299.21505,3,1561386728000
2473,299.21505,3,1561386728000
2474,299.21505,3,1561386728000
2475,299.21505,3,1561386728000
2476,299.21505,3,1561386728000
2477,299.21505,3,1561386728000
2478,299.21505,3,1561386728000
2479,299.21505,3,1561386728000
2480,299.21505,3,1561386728000
2481,299.21505,3,1561386728000
2482,299.21505,3,1561386728000
2483,299.21505,3,1561386728000
2484,299.21505,3,1561386728000
2485,299.21505,3,1561386728000
2486,299.21505,3,1561386728000
2487,299.21505,3,1561386728000
2488,299.21505,3,1561386728000
2489,299.21505,3,1561386728000
2490,299.21505,3,1561386728000
2491,299.21505,3,1561386728000
2492,299.21505,3,1561386728000
2493,299.21505,3,1561386728000
2494,299.21505,3,1561386728000
2495,299.21505,3,1561386728000
2496,299.21505,3,1561386728000
2497,299.21505,3,1561386728000
2498,299.21505,3,1561386728000
2499,299.21505,3,1561386728000
2500,299.21505,3,1561386728000
2501,299.21505,3,1561386728000
2502,299.21505,3,1561386728000
2503,299.21505,3,1561386728000
2504,299.21505,3,1561386728000
2505,299.21505,3,1561386728000
2506,299.21505,3,1561386728000
2507,299.21505,3,1561386728000
2508,299.21505,3,1561386728000
2509,299.21505,3,1561386728000
2510,299.21505,3,1561386728000
2511,299.21505,3,1561386728000
2512,299.21505,3,1561386728000
2513,299.21505,3,1561386728000
2514,299.21505,3,1561386728000
2515,299.21505,3,1561386728000
2516,299.21505,3,1561386728000
2517,299.21505,3,1561386728000
2518,299.21505,3,1561386728000
2519,299.21505,3,1561386728000
2520,299.21505,3,1561386728000
2521,299.21505,3,1561386728000
2522,299.21505,3,1561386728000
2523,299.21505,3,1561386728000
2524,299.21505,3,1561386728000
2525,299.21505,3,1561386728000
2526,299.21505,3,1561386728000
2527,299.21505,3,1561386728000
2528,299.21505,3,1561386728000
2529,299.21505,3,1561386728000
2530,299.21505,3,1561386728000
2531,299.21505,3,1561386728000
2532,299.21505,3,1561386728000
2533,299.21505,3,1561386728000
2534,299.21505,3,1561386728000
2535,299.21505,3,1561386728000
2536,299.21505,3,1561386728000
2537,299.21505,3,1561386728000
2538,299.21505,3,1561386728000
2539,299.21505,3,1561386728000
2540,299.21505,3,1561386728000
2541,299.21505,3,1561386728000
2542,299.21505,3,1561386728000
2543,299.21505,3,1561386728000
2544,299.21505,3,1561386728000
2545,299.21505,3,1561386728000
2546,299.21505,3,1561386728000
2547,299.21505,3,1561386728000
2548,299.21505,3,1561386728000
2549,299.21505,3,1561386728000
2550,299.21505,3,1561386728000
2551,299.21505,3,1561386728000
2552,299.21505,3,1561386728000
2553,299.21505,3,1561386728000
2554,299.21505,3,1561386728000
2555,299.21505,3,1561386728000
2556,299.21505,3,1561386728000
2557,299.21505,3,1561386728000
2558,299.21505,3,1561386728000
2559,299.21505,3,1561386728000
2560,299.21505,3,1561386728000
2561,299.21505,3,1561386728000
2562,299.21505,3,1561386728000
2563,299.21505,3,1561386728000
2564,299.21505,3,1561386728000
2565,299.21505,3,1561386728000
2566,299.21505,3,1561386728000
2567,299.21505,3,1561386728000
2568,299.21505,3,1561386728000
2569,299.21505,3,1561386728000
2570,299.21505,3,1561386728000
2571,299.21505,3,1561386728000
2572,299.21505,3,1561386728000
2573,299.21505,3,1561386728000
2574,299.21505,3,1561386728000
2575,299.21505,3,1561386728000
2576,299.21505,3,1561386728000
2577,299.21505,3,1561386728000
2578,299.21505,3,1561386728000
2579,299.21505,3,1561386728000
2580,299.21505,3,1561386728000
2581,299.21505,3,1561386728000
2582,299.21505,3,1561386728000
2583,299.21505,3,1561386728000
2584,299.21505,3,1561386728000
2585,299.21505,3,1561386728000
2586,299.21505,3,1561386728000
2587,299.21505,3,1561386728000
2588,299.21505,3,1561386728000
2589,299.21505,3,1561386728000
2590,299.21505,3,1561386728000
2591,299.21505,3,1561386728000
2592,299.21505,3,1561386728000
2593,299.21505,3,1561386728000
2594,299.21505,3,1561386728000
2595,299.21505,3,1561386728000
2596,299.21505,3,1561386728000
2597,299.21505,3,1561386728000
2598,299.21505,3,1561386728000
2599,299.21505,3,1561386728000
2600,299.21505,3,1561386728000
2601,299.21505,3,1561386728000
2602,299.21505,3,1561386728000
2603,299.21505,3,1561386728000
2604,299.21505,3,1561386728000
2605,299.21505,3,1561386728000
2606,299.21505,3,1561386728000
2607,299.21505,3,1561386728000
2608,299.21505,3,1561386728000
2609,299.21505,3,1561386728000
2610,299.21505,3,1561386728000
2611,299.21505,3,1561386728000
2612,299.21505,3,1561386728000
2613,299.21505,3,1561386728000
2614,299.21505,3,1561386728000
2615,299.21505,3,1561386728000
2616,299.21505,3,1561386728000
2617,299.21505,3,1561386728000
2618,299.21505,3,1561386728000
2619,299.21505,3,1561386728000
2620,299.21505,3,1561386728000
2621,299.21505,3,1561386728000
2622,299.21505,3,1561386728000
2623,299.21505,3,1561386728000
2624,299.21505,3,1561386728000
2625,299.21505,3,1561386728000
2626,299.21505,3,1561386728000
2627,299.21505,3,1561386728000
2628,299.21505,3,1561386728000
2629,299.21505,3,1561386728000
2630,299.21505,3,1561386728000
2631,299.21505,3,1561386728000
2632,299.21505,3,1561386728000
2633,299.21505,3,1561386728000
2634,299.21505,3,1561386728000
2635,299.21505,3,1561386728000
2636,299.21505,3,1561386728000
2637,299.21505,3,1561386728000
2638,299.21505,3,1561386728000
2639,299.21505,3,1561386728000
2640,299.21505,3,1561386728000
2641,299.21505,3,1561386728000
2642,299.21505,3,1561386728000
2643,299.21505,3,1561386728000
2644,299.21505,3,1561386728000
2645,299.21505,3,1561386728000
2646,299.21505,3,1561386728000
2647,299.21505,3,1561386728000
2648,299.21505,3,1561386728000
2649,299.21505,3,1561386728000
2650,299.21505,3,1561386728000
2651,299.21505,3,1561386728000
2652,299.21505,3,1561386728000
2653,299.21505,3,1561386728000
2654,299.21505,3,1561386728000
2655,299.21505,3,1561386728000
2656,299.21505,3,1561386728000
2657,299.21505,3,1561386728000
2658,299.21505,3,1561386728000
2659,299.21505,3,1561386728000
2660,299.21505,3,1561386728000
2661,299.21505,3,1561386728000
2662,299.21505,3,1561386728000
2663,299.21505,3,1561386728000
2664,299.21505,3,1561386728000
2665,299.21505,3,1561386728000
2666,299.21505,3,1561386728000
2667,299.21505,3,1561386728000
2668,299.21505,3,1561386728000
2669,299.21505,3,1561386728000
2670,299.21505,3,1561386728000
2671,299.21505,3,1561386728000
2672,299.21505,3,1561386728000
2673,299.21505,3,1561386728000
2674,299.21505,3,1561386728000
2675,299.21505,3,1561386728000
2676,299.21505,3,1561386728000
2677,299.21505,3,1561386728000
2678,299.21505,3,1561386728000
2679,299.21505,3,1561386728000
2680,299.21505,3,1561386728000
2681,299.21505,3,1561386728000
2682,299.21505,3,1561386728000
2683,299.21505,3,1561386728000
2684,299.21505,3,1561386728000
2685,299.21505,3,1561386728000
2686,299.21505,3,1561386728000
2687,299.21505,3,1561386728000
2688,299.21505,3,1561386728000
2689,299.21505,3,1561386728000
2690,299.21505,3,1561386728000
2691,299.21505,3,1561386728000
2692,299.21505,3,1561386728000
2693,299.21505,3,1561386728000
2694,299.21505,3,1561386728000
2695,299.21505,3,1561386728000
2696,299.21505,3,1561386728000
2697,299.21505,3,1561386728000
2698,299.21505,3,1561386728000
2699,299.21505,3,1561386728000
2700,299.21505,3,1561386728000
2701,299.21505,3,1561386728000
2702,299.21505,3,1561386728000
2703,299.21505,3,1561386728000
2704,299.21505,3,1561386728000
2705,299.21505,3,1561386728000
2706,299.21505,3,1561386728000
2707,299.21505,3,1561386728000
2708,299.21505,3,1561386728000
2709,299.21505,3,1561386728000
2710,299.21505,3,1561386728000
2711,299.21505,3,1561386728000
2712,299.21505,3,1561386728000
2713,299.21505,3,1561386728000
2714,299.21505,3,1561386728000
2715,299.21505,3,1561386728000
2716,299.21505,3,1561386728000
2717,299.21505,3,1561386728000
2718,299.21505,3,1561386728000
2719,299.21505,3,1561386728000
2720,299.21505,3,1561386728000
2721,299.21505,3,1561386728000
2722,299.21505,3,1561386728000
2723,299.21505,3,1561386728000
2724,299.21505,3,1561386728000
2725,299.21505,3,1561386728000
2726,299.21505,3,1561386728000
2727,299.21505,3,1561386728000
2728,299.21505,3,1561386728000
2729,299.21505,3,1561386728000
2730,299.21505,3,1561386728000
2731,299.21505,3,1561386728000
2732,299.21505,3,1561386728000
2733,299.21505,3,1561386728000
2734,299.21505,3,1561386728000
2735,299.21505,3,1561386728000
2736,299.21505,3,1561386728000
2737,299.21505,3,1561386728000
2738,299.21505,3,1561386728000
2739,299.21505,3,1561386728000
2740,299.21505,3,1561386728000
2741,299.21505,3,1561386728000
2742,299.21505,3,1561386728000
2743,299.21505,3,1561386728000
2744,299.21505,3,1561386728000
2745,299.21505,3,1561386728000
2746,299.21505,3,1561386728000
2747,299.21505,3,1561386728000
2748,299.21505,3,1561386728000
2749,299.21505,3,1561386728000
2750,299.21505,3,1561386728000
2751,299.21505,3,1561386728000
2752,299.21505,3,1561386728000
2753,299.21505,3,1561386728000
2754,299.21505,3,1561386728000
2755,299.21505,3,1561386728000
2756,299.21505,3,1561386728000
2757,299.21505,3,1561386728000
2758,299.21505,3,1561386728000
2759,299.21505,3,1561386728000
2760,299.21505,3,1561386728000
2761,299.21505,3,1561386728000
2762,299.21505,3,1561386728000
2763,299.21505,3,1561386728000
2764,299.21505,3,1561386728000
2765,299.21505,3,1561386728000
2766,299.21505,3,1561386728000
2767,299.21505,3,1561386728000
2768,299.21505,3,1561386728000
2769,299.21505,3,1561386728000
2770,299.21505,3,1561386728000
2771,299.21505,3,1561386728000
2772,299.21505,3,1561386728000
2773,299.21505,3,1561386728000
2774,299.21505,3,1561386728000
2775,299.21505,3,1561386728000
2776,299.21505,3,1561386728000
2777,299.21505,3,1561386728000
2778,299.21505,3,1561386728000
2779,299.21505,3,1561386728000
2780,299.21505,3,1561386728000
2781,299.21505,3,1561386728000
2782,299.21505,3,1561386728000
2783,299.21505,3,1561386728000
2784,299.21505,3,1561386728000
2785,299.21505,3,1561386728000
2786,299.21505,3,1561386728000
2787,299.21505,3,1561386728000
2788,299.21505,3,1561386728000
2789,299.21505,3,1561386728000
2790,299.21505,3,1561386728000
2791,299.21505,3,1561386728000
2792,299.21505,3,1561386728000
2793,299.21505,3,1561386728000
2794,299.21505,3,1561386728000
2795,299.21505,3,1561386728000
2796,299.21505,3,1561386728000
2797,299.21505,3,1561386728000
2798,299.21505,3,1561386728000
2799,299.21505,3,1561386728000
2800,299.21505,3,1561386728000
2801,299.21505,3,1561386728000
2802,299.21505,3,1561386728000
2803,299.21505,3,1561386728000
2804,299.21505,3,1561386728000
2805,299.21505,3,1561386728000
2806,299.21505,3,1561386728000
2807,299.21505,3,1561386728000
2808,299.21505,3,1561386728000
2809,299.21505,3,1561386728000
2810,299.21505,3,1561386728000
2811,299.21505,3,1561386728000
2812,299.21505,3,1561386728000
2813,299.21505,3,1561386728000
2814,299.21505,3,1561386728000
2815,299.21505,3,1561386728000
2816,299.21505,3,1561386728000
2817,299.21505,3,1561386728000
2818,299.21505,3,1561386728000
2819,299.21505,3,1561386728000
2820,299.21505,3,1561386728000
2821,299.21505,3,1561386728000
2822,299.21505,3,1561386728000
2823,299.21505,3,1561386728000
2824,299.21505,3,1561386728000
2825,299.21505,3,1561386728000
2826,299.21505,3,1561386728000
2827,299.21505,3,1561386728000
2828,299.21505,3,1561386728000
2829,299.21505,3,1561386728000
2830,299.21505,3,1561386728000
2831,299.21505,3,1561386728000
2832,299.21505,3,1561386728000
2833,299.21505,3,1561386728000
2834,299.21505,3,1561386728000
2835,299.21505,3,1561386728000
2836,299.21505,3,1561386728000
2837,299.21505,3,1561386728000
2838,299.21505,3,1561386728000
2839,299.21505,3,1561386728000
2840,299.21505,3,1561386728000
2841,299.21505,3,1561386728000
2842,299.21505,3,1561386728000
2843,299.21505,3,1561386728000
2844,299.21505,3,1561386728000
2845,299.21505,3,1561386728000
2846,299.21505,3,1561386728000
2847,299.21505,3,1561386728000
2848,299.21505,3,1561386728000
2849,299.21505,3,1561386728000
2850,299.21505,3,1561386728000
2851,299.21505,3,1561386728000
2852,299.21505,3,1561386728000
2853,299.21505,3,1561386728000
2854,299.21505,3,1561386728000
2855,299.21505,3,1561386728000
2856,299.21505,3,1561386728000
2857,299.21505,3,1561386728000
2858,299.21505,3,1561386728000
2859,299.21505,3,1561386728000
2860,299.21505,3,1561386728000
2861,299.21505,3,1561386728000
2862,299.21505,3,1561386728000
2863,299.21505,3,1561386728000
2864,299.21505,3,1561386728000
2865,299.21505,3,1561386728000
2866,299.21505,3,1561386728000
2867,299.21505,3,1561386728000
2868,299.21505,3,1561386728000
2869,299.21505,3,1561386728000
2870,299.21505,3,1561386728000
2871,299.21505,3,1561386728000
2872,299.21505,3,1561386728000
2873,299.21505,3,1561386728000
2874,299.21505,3,1561386728000
2875,299.21505,3,1561386728000
2876,299.21505,3,1561386728000
2877,299.21505,3,1561386728000
2878,299.21505,3,1561386728000
2879,299.21505,3,1561386728000
2880,299.21505,3,1561386728000
2881,299.21505,3,1561386728000
2882,299.21505,3,1561386728000
2883,299.21505,3,1561386728000
2884,299.21505,3,1561386728000
2885,299.21505,3,1561386728000
2886,299.21505,3,1561386728000
2887,299.21505,3,1561386728000
2888,299.21505,3,1561386728000
2889,299.21505,3,1561386728000
2890,299.21505,3,1561386728000
2891,299.21505,3,1561386728000
2892,299.21505,3,1561386728000
2893,299.21505,3,1561386728000
2894,299.21505,3,1561386728000
2895,299.21505,3,1561386728000
2896,299.21505,3,1561386728000
2897,299.21505,3,1561386728000
2898,299.21505,3,1561386728000
2899,299.21505,3,1561386728000
2900,299.21505,3,1561386728000
2901,299.21505,3,1561386728000
2902,299.21505,3,1561386728000
2903,299.21505,3,1561386728000
2904,299.21505,3,1561386728000
2905,299.21505,3,1561386728000
2906,299.21505,3,1561386728000
2907,299.21505,3,1561386728000
2908,299.21505,3,1561386728000
2909,299.21505,3,1561386728000
2910,299.21505,3,1561386728000
2911,299.21505,3,1561386728000
2912,299.21505,3,1561386728000
2913,299.21505,3,1561386728000
2914,299.21505,3,1561386728000
2915,299.21505,3,1561386728000
2916,299.21505,3,1561386728000
2917,299.21505,3,1561386728000
2918,299.21505,3,1561386728000
2919,299.21505,3,1561386728000
2920,299.21505,3,1561386728000
2921,299.21505,3,1561386728000
2922,299.21505,3,1561386728000
2923,299.21505,3,1561386728000
2924,299.21505,3,1561386728000
2925,299.21505,3,1561386728000
2926,299.21505,3,1561386728000
2927,299.21505,3,1561386728000
2928,299.21505,3,1561386728000
2929,299.21505,3,1561386728000
2930,299.21505,3,1561386728000
2931,299.21505,3,1561386728000
2932,299.21505,3,1561386728000
2933,299.21505,3,1561386728000
2934,299.21505,3,1561386728000
2935,299.21505,3,1561386728000
2936,299.21505,3,1561386728000
2937,299.21505,3,1561386728000
2938,299.21505,3,1561386728000
2939,299.21505,3,1561386728000
2940,299.21505,3,1561386728000
2941,299.21505,3,1561386728000
2942,299.21505,3,1561386728000
2943,299.21505,3,1561386728000
2944,299.21505,3,1561386728000
2945,299.21505,3,1561386728000
2946,299.21505,3,1561386728000
2947,299.21505,3,1561386728000
2948,299.21505,3,1561386728000
2949,299.21505,3,1561386728000
2950,299.21505,3,1561386728000
2951,299.21505,3,1561386728000
2952,299.21505,3,1561386728000
2953,299.21505,3,1561386728000
2954,299.21505,3,1561386728000
2955,299.21505,3,1561386728000
2956,299.21505,3,1561386728000
2957,299.21505,3,1561386728000
2958,299.21505,3,1561386728000
2959,299.21505,3,1561386728000
2960,299.21505,3,1561386728000
2961,299.21505,3,1561386728000
2962,299.21505,3,1561386728000
2963,299.21505,3,1561386728000
2964,299.21505,3,1561386728000
2965,299.21505,3,1561386728000
2966,299.21505,3,1561386728000
2967,299.21505,3,1561386728000
2968,299.21505,3,1561386728000
2969,299.21505,3,1561386728000
2970,299.21505,3,1561386728000
2971,299.21505,3,1561386728000
2972,299.21505,3,1561386728000
2973,299.21505,3,1561386728000
2974,299.21505,3,1561386728000
2975,299.21505,3,1561386728000
2976,299.21505,3,1561386728000
2977,299.21505,3,1561386728000
2978,299.21505,3,1561386728000
2979,299.21505,3,1561386728000
2980,299.21505,3,1561386728000
2981,299.21505,3,1561386728000
2982,299.21505,3,1561386728000
2983,299.21505,3,1561386728000
2984,299.21505,3,1561386728000
2985,299.21505,3,1561386728000
2986,299.21505,3,1561386728000
2987,299.21505,3,1561386728000
2988,299.21505,3,1561386728000
2989,299.21505,3,1561386728000
2990,299.21505,3,1561386728000
2991,299.21505,3,1561386728000
2992,299.21505,3,1561386728000
2993,299.21505,3,1561386728000
2994,299.21505,3,1561386728000
2995,299.21505,3,1561386728000
2996,299.21505,3,1561386728000
2997,299.21505,3,1561386728000
2998,299.21505,3,1561386728000
2999,299.21505,3,1561386728000
3000,299.21505,3,1561386728000
3001,299.21505,3,1561386728000
3002,299.21505,3,1561386728000
3003,299.21505,3,1561386728000
3004,299.21505,3,1561386728000
3005,299.21505,3,1561386728000
3006,299.21505,3,1561386728000
3007,299.21505,3,1561386728000
3008,299.21505,3,1561386728000
3009,299.21505,3,1561386728000
3010,299.21505,3,1561386728000
3011,299.21505,3,1561386728000
3012,299.21505,3,1561386728000
3013,299.21505,3,1561386728000
3014,299.21505,3,1561386728000
3015,299.21505,3,1561386728000
3016,299.21505,3,1561386728000
3017,299.21505,3,1561386728000
3018,299.21505,3,1561386728000
3019,299.21505,3,1561386728000
3020,299.21505,3,1561386728000
3021,299.21505,3,1561386728000
3022,299.21505,3,1561386728000
3023,299.21505,3,1561386728000
3024,299.21505,3,1561386728000
3025,299.21505,3,1561386728000
3026,299.21505,3,1561386728000
3027,299.21505,3,1561386728000
3028,299.21505,3,1561386728000
3029,299.21505,3,1561386728000
3030,299.21505,3,1561386728000
3031,299.21505,3,1561386728000
3032,299.21505,3,1561386728000
3033,299.21505,3,1561386728000
3034,299.21505,3,1561386728000
3035,299.21505,3,1561386728000
3036,299.21505,3,1561386728000
3037,299.21505,3,1561386728000
3038,299.21505,3,1561386728000
3039,299.21505,3,1561386728000
3040,299.21505,3,1561386728000
3041,299.21505,3,1561386728000
3042,299.21505,3,1561386728000
3043,299.21505,3,1561386728000
3044,299.21505,3,1561386728000
3045,299.21505,3,1561386728000
3046,299.21505,3,1561386728000
3047,299.21505,3,1561386728000
3048,299.21505,3,1561386728000
3049,299.21505,3,1561386728000
3050,299.21505,3,1561386728000
3051,299.21505,3,1561386728000
3052,299.21505,3,1561386728000
3053,299.21505,3,1561386728000
3054,299.21505,3,1561386728000
3055,299.21505,3,1561386728000
3056,299.21505,3,1561386728000
3057,299.21505,3,1561386728000
3058,299.21505,3,1561386728000
3059,299.21505,3,1561386728000
3060,299.21505,3,1561386728000
3061,299.21505,3,1561386728000
3062,299.21505,3,1561386728000
3063,299.21505,3,1561386728000
3064,299.21505,3,1561386728000
3065,299.21505,3,1561386728000
3066,299.21505,3,1561386728000
3067,299.21505,3,1561386728000
3068,299.21505,3,1561386728000
3069,299.21505,3,1561386728000
3070,299.21505,3,1561386728000
3071,299.21505,3,1561386728000
3072,299.21505,3,1561386728000
3073,299.21505,3,1561386728000
3074,299.21505,3,1561386728000
3075,299.21505,3,1561386728000
3076,299.21505,3,1561386728000
3077,299.21505,3,1561386728000
3078,299.21505,3,1561386728000
3079,299.21505,3,1561386728000
3080,299.21505,3,1561386728000
3081,299.21505,3,1561386728000
3082,299.21505,3,1561386728000
3083,299.21505,3,1561386728000
3084,299.21505,3,1561386728000
3085,299.21505,3,1561386728000
3086,299.21505,3,1561386728000
3087,299.21505,3,1561386728000
3088,299.21505,3,1561386728000
3089,299.21505,3,1561386728000
3090,299.21505,3,1561386728000
3091,299.21505,3,1561386728000
3092,299.21505,3,1561386728000
3093,299.21505,3,1561386728000
3094,299.21505,3,1561386728000
3095,299.21505,3,1561386728000
3096,299.21505,3,1561386728000
3097,299.21505,3,1561386728000
3098,299.21505,3,1561386728000
3099,299.21505,3,1561386728000
3100,299.21505,3,1561386728000
3101,299.21505,3,1561386728000
3102,299.21505,3,1561386728000
3103,299.21505,3,1561386728000
3104,299.21505,3,1561386728000
3105,299.21505,3,1561386728000
3106,299.21505,3,1561386728000
3107,299.21505,3,1561386728000
3108,299.21505,3,1561386728000
3109,299.21505,3,1561386728000
3110,299.21505,3,1561386728000
3111,299.21505,3,1561386728000
3112,299.21505,3,1561386728000
3113,299.21505,3,1561386728000
3114,299.21505,3,1561386728000
3115,299.21505,3,1561386728000
3116,299.21505,3,1561386728000
3117,299.21505,3,1561386728000
3118,299.21505,3,1561386728000
3119,299.21505,3,1561386728000
3120,299.21505,3,1561386728000
3121,299.21505,3,1561386728000
3122,299.21505,3,1561386728000
3123,299.21505,3,1561386728000
3124,299.21505,3,1561386728000
3125,299.21505,3,1561386728000
3126,299.21505,3,1561386728000
3127,299.21505,3,1561386728000
3128,299.21505,3,1561386728000
3129,299.21505,3,1561386728000
3130,299.21505,3,1561386728000
3131,299.21505,3,1561386728000
3132,299.21505,3,1561386728000
3133,299.21505,3,1561386728000
3134,299.21505,3,1561386728000
3135,299.21505,3,1561386728000
3136,299.21505,3,1561386728000
3137,299.21505,3,1561386728000
3138,299.21505,3,1561386728000
3139,299.21505,3,1561386728000
3140,299.21505,3,1561386728000
3141,299.21505,3,1561386728000
3142,299.21505,3,1561386728000
3143,299.21505,3,1561386728000
3144,299.21505,3,1561386728000
3145,299.21505,3,1561386728000
3146,299.21505,3,1561386728000
3147,299.21505,3,1561386728000
3148,299.21505,3,1561386728000
3149,299.21505,3,1561386728000
3150,299.21505,3,1561386728000
3151,299.21505,3,1561386728000
3152,299.21505,3,1561386728000
3153,299.21505,3,1561386728000
3154,299.21505,3,1561386728000
3155,299.21505,3,1561386728000
3156,299.21505,3,1561386728000
3157,299.21505,3,1561386728000
3158,299.21505,3,1561386728000
3159,299.21505,3,1561386728000
3160,299.21505,3,1561386728000
3161,299.21505,3,1561386728000
3162,299.21505,3,1561386728000
3163,299.21505,3,1561386728000
3164,299.21505,3,1561386728000
3165,299.21505,3,1561386728000
3166,299.21505,3,1561386728000
3167,299.21505,3,1561386728000
3168,299.21505,3,1561386728000
3169,299.21505,3,1561386728000
3170,299.21505,3,1561386728000
3171,299.21505,3,1561386728000
3172,299.21505,3,1561386728000
3173,299.21505,3,1561386728000
3174,299.21505,3,1561386728000
3175,299.21505,3,1561386728000
3176,299.21505,3,1561386728000
3177,299.21505,3,1561386728000
3178,299.21505,3,1561386728000
3179,299.21505,3,1561386728000
3180,299.21505,3,1561386728000
3181,299.21505,3,1561386728000
3182,299.21505,3,1561386728000
3183,299.21505,3,1561386728000
3184,299.21505,3,1561386728000
3185,299.21505,3,1561386728000
3186,299.21505,3,1561386728000
3187,299.21505,3,1561386728000
3188,299.21505,3,1561386728000
3189,299.21505,3,1561386728000
3190,299.21505,3,1561386728000
3191,299.21505,3,1561386728000
3192,299.21505,3,1561386728000
3193,299.21505,3,1561386728000
3194,299.21505,3,1561386728000
3195,299.21505,3,1561386728000
3196,299.21505,3,1561386728000
3197,299.21505,3,1561386728000
3198,299.21505,3,1561386728000
3199,299.21505,3,1561386728000
3200,299.21505,3,1561386728000
3201,299.21505,3,1561386728000
3202,299.21505,3,1561386728000
3203,299.21505,3,1561386728000
3204,299.21505,3,1561386728000
3205,299.21505,3,1561386728000
3206,299.21505,3,1561386728000
3207,299.21505,3,1561386728000
3208,299.21505,3,1561386728000
3209,299.21505,3,1561386728000
3210,299.21505,3,1561386728000
3211,299.21505,3,1561386728000
3212,299.21505,3,1561386728000
3213,299.21505,3,1561386728000
3214,299.21505,3,1561386728000
3215,299.21505,3,1561386728000
3216,299.21505,3,1561386728000
3217,299.21505,3,1561386728000
3218,299.21505,3,1561386728000
3219,299.21505,3,1561386728000
3220,299.21505,3,1561386728000
3221,299.21505,3,1561386728000
3222,299.21505,3,1561386728000
3223,299.21505,3,1561386728000
3224,299.21505,3,1561386728000
3225,299.21505,3,1561386728000
3226,299.21505,3,1561386728000
3227,299.21505,3,1561386728000
3228,299.21505,3,1561386728000
3229,299.21505,3,1561386728000
3230,299.21505,3,1561386728000
3231,299.21505,3,1561386728000
3232,299.21505,3,1561386728000
3233,299.21505,3,1561386728000
3234,299.21505,3,1561386728000
3235,299.21505,3,1561386728000
3236,299.21505,3,1561386728000
3237,299.21505,3,1561386728000
3238,299.21505,3,1561386728000
3239,299.21505,3,1561386728000
3240,299.21505,3,1561386728000
3241,299.21505,3,1561386728000
3242,299.21505,3,1561386728000
3243,299.21505,3,1561386728000
3244,299.21505,3,1561386728000
3245,299.21505,3,1561386728000
3246,299.21505,3,1561386728000
3247,299.21505,3,1561386728000
3248,299.21505,3,1561386728000
3249,299.21505,3,1561386728000
3250,299.21505,3,1561386728000
3251,299.21505,3,1561386728000
3252,299.21505,3,1561386728000
3253,299.21505,3,1561386728000
3254,299.21505,3,1561386728000
3255,299.21505,3,1561386728000
3256,299.21505,3,1561386728000
3257,299.21505,3,1561386728000
3258,299.21505,3,1561386728000
3259,299.21505,3,1561386728000
