,price,size,unix_current
0,198.6099605263159,460636,1561383000000
1,198.55621212121255,8829,1561383001000
2,198.5573217391305,2472,1561383002000
3,198.5531785714286,2234,1561383003000
4,198.5262162162165,4449,1561383004000
5,198.52970588235294,837,1561383005000
6,198.52093661971838,4113,1561383006000
7,198.50894117647059,1190,1561383007000
8,198.4665475,3394,1561383008000
9,198.43963939393933,3929,1561383009000
10,198.31331010638283,21586,1561383010000
11,198.2566835820897,6237,1561383011000
12,198.28343434343432,8054,1561383012000
13,198.44179999999997,2402,1561383013000
14,198.50481558441558,7193,1561383014000
15,198.5834827586207,4103,1561383015000
16,198.60099999999997,1612,1561383016000
17,198.60784999999998,1924,1561383017000
18,198.61,9,1561383018000
19,198.60484,1039,1561383019000
20,198.6326666666667,1312,1561383020000
21,198.65429696969676,2091,1561383021000
22,198.65525454545457,1168,1561383022000
23,198.76961420764994,18666,1561383023000
24,198.84230769230766,1666,1561383024000
25,198.89253333333332,247,1561383025000
26,198.92333333333335,144,1561383026000
27,198.8966166666667,935,1561383027000
28,199.03417878787863,14452,1561383028000
29,199.07423904761896,9900,1561383029000
30,199.15462330097088,11138,1561383030000
31,199.06277777777774,3369,1561383031000
32,199.07231538461537,1153,1561383032000
33,199.03684375,1752,1561383033000
34,198.9495375,5900,1561383034000
35,198.82164999999998,1043,1561383035000
36,198.92521000000002,611,1561383036000
37,198.9571,1102,1561383037000
38,198.98343142857144,4018,1561383038000
39,199.04648113207557,10617,1561383039000
40,199.09354999999996,2584,1561383040000
41,199.05814000000004,351,1561383041000
42,199.03702499999997,1445,1561383042000
43,199.03826666666666,1031,1561383043000
44,199.04070000000002,405,1561383044000
45,199.06345454545456,1554,1561383045000
46,199.08546981132073,6483,1561383046000
47,199.068,844,1561383047000
48,199.05999999999997,531,1561383048000
49,199.02399999999997,522,1561383049000
50,199.03413333333333,516,1561383050000
51,199.01316545454557,6779,1561383051000
52,198.97814499999993,2380,1561383052000
53,198.99887916666663,942,1561383053000
54,198.97721666666666,2128,1561383054000
55,198.952,900,1561383055000
56,198.9263214285714,867,1561383056000
57,198.90665,108,1561383057000
58,198.94212857142858,834,1561383058000
59,198.91435,1583,1561383059000
60,198.85000000000014,4883,1561383060000
61,198.85970000000003,246,1561383061000
62,198.82700999999997,568,1561383062000
63,198.82204736842107,1226,1561383063000
64,198.85500000000002,200,1561383064000
65,198.88,600,1561383065000
66,198.93562500000002,2224,1561383066000
67,198.962124137931,1878,1561383067000
68,198.97907142857142,2071,1561383068000
69,198.9925,210,1561383069000
70,199.01545757575752,813,1561383070000
71,199.02809,187,1561383071000
72,198.98008571428568,367,1561383072000
73,199.07500000000002,869,1561383073000
74,199.12750555555556,3529,1561383074000
75,199.14181818181822,1142,1561383075000
76,199.15513142857148,6188,1561383076000
77,199.1625,742,1561383077000
78,199.17495,392,1561383078000
79,199.17333333333332,300,1561383079000
80,199.1700125,556,1561383080000
81,199.1754,382,1561383081000
82,199.15467368421056,1439,1561383082000
83,199.15,300,1561383083000
84,199.1457764705882,3021,1561383084000
85,199.0603333333334,1776,1561383085000
86,199.05103333333332,506,1561383086000
87,199.05545,1014,1561383087000
88,199.00614999999996,134,1561383088000
89,199.06,200,1561383089000
90,199.122619047619,2207,1561383090000
91,199.1545333333334,1852,1561383091000
92,199.13142857142856,1554,1561383092000
93,199.0664875,1092,1561383093000
94,199.08308444444447,2152,1561383094000
95,199.07600555555555,2217,1561383095000
96,199.071,35,1561383096000
97,199.07303333333334,406,1561383097000
98,199.08443928571424,5800,1561383098000
99,199.08383636363635,708,1561383099000
100,199.08999999999997,2000,1561383100000
101,199.0452041666667,8776,1561383101000
102,199.04405714285713,3313,1561383102000
103,199.0359111111111,1403,1561383103000
104,199.0199857142857,599,1561383104000
105,198.94708333333335,2325,1561383105000
106,198.92570454545458,1027,1561383106000
107,198.9092380952381,1071,1561383107000
108,198.97712499999992,1414,1561383108000
109,198.99462178217823,5188,1561383109000
110,199.042,1878,1561383110000
111,198.9144379562043,6251,1561383111000
112,198.93703000000002,1733,1561383112000
113,198.98360555555553,1228,1561383113000
114,199.05484181818193,6041,1561383114000
115,199.06840816326545,2384,1561383115000
116,199.0079947368421,1314,1561383116000
117,198.99166666666667,389,1561383117000
118,199.044,10,1561383118000
119,199.04935,1176,1561383119000
120,199.05223888888887,775,1561383120000
121,199.1019393939394,2281,1561383121000
122,199.07715000000002,1052,1561383122000
123,199.07602,304,1561383123000
124,199.0605818181818,2080,1561383124000
125,199.09192307692305,1012,1561383125000
126,199.0783,153,1561383126000
127,199.05000000000007,895,1561383127000
128,199.08693214285722,249,1561383128000
129,199.06,100,1561383129000
130,199.06412,2399,1561383130000
131,199.03297500000002,1172,1561383131000
132,199.04333333333338,75,1561383132000
133,199.06753684210528,3014,1561383133000
134,199.05642857142857,900,1561383134000
135,199.0548,175,1561383135000
136,199.08961153846155,2145,1561383136000
137,199.0833027027028,2314,1561383137000
138,199.08999999999997,904,1561383138000
139,199.06546111111115,1589,1561383139000
140,199.05875,415,1561383140000
141,199.06613,770,1561383141000
142,199.068875,1182,1561383142000
143,199.04525,200,1561383143000
144,199.09253571428573,1137,1561383144000
145,199.11336206896559,1711,1561383145000
146,199.14443200000005,5036,1561383146000
147,199.1810526315789,3866,1561383147000
148,199.18786,2844,1561383148000
149,199.17735454545453,2280,1561383149000
150,199.15152727272732,1620,1561383150000
151,199.1485117647059,2092,1561383151000
152,199.16703333333334,1161,1561383152000
153,199.19974444444435,15376,1561383153000
154,199.19738749999996,2121,1561383154000
155,199.21166666666667,398,1561383155000
156,199.19525,400,1561383156000
157,199.205025,1757,1561383157000
158,199.1914285714286,525,1561383158000
159,199.19466666666665,300,1561383159000
160,199.18800000000002,462,1561383160000
161,199.2053,5300,1561383161000
162,199.17999999999998,301,1561383162000
163,199.1825846153846,9661,1561383163000
164,199.15666666666667,1060,1561383164000
165,199.1413125,459,1561383165000
166,199.145,100,1561383166000
167,199.16864999999999,2760,1561383167000
168,199.20549499999998,2126,1561383168000
169,199.2080625,4718,1561383169000
170,199.17568,1400,1561383170000
171,199.174,25,1561383171000
172,199.1630153846154,1715,1561383172000
173,199.16727272727275,750,1561383173000
174,199.16750000000005,2355,1561383174000
175,199.1841,900,1561383175000
176,199.25362359550556,11399,1561383176000
177,199.3656873015873,8456,1561383177000
178,199.38599999999997,970,1561383178000
179,199.40230769230772,1018,1561383179000
180,199.44661428571425,6518,1561383180000
181,199.44170000000003,635,1561383181000
182,199.42965714285717,1082,1561383182000
183,199.39350000000005,1732,1561383183000
184,199.37587241379313,2094,1561383184000
185,199.37956666666665,202,1561383185000
186,199.39343636363637,10887,1561383186000
187,199.3944214285714,6600,1561383187000
188,199.4417679999999,1675,1561383188000
189,199.44254999999998,1400,1561383189000
190,199.43175789473685,3864,1561383190000
191,199.42690000000002,2058,1561383191000
192,199.44262745098047,4086,1561383192000
193,199.46750588235295,1126,1561383193000
194,199.47295789473682,5268,1561383194000
195,199.46011666666666,1424,1561383195000
196,199.4674458333333,2414,1561383196000
197,199.4692,461,1561383197000
198,199.4148192771084,5131,1561383198000
199,199.3370846153846,1356,1561383199000
200,199.3478210526316,1718,1561383200000
201,199.35654444444447,1302,1561383201000
202,199.35666666666668,530,1561383202000
203,199.37041428571425,3417,1561383203000
204,199.3710857142857,3489,1561383204000
205,199.39547368421043,3421,1561383205000
206,199.39964285714285,1296,1561383206000
207,199.3983333333333,613,1561383207000
208,199.4540789473683,5497,1561383208000
209,199.52517058823526,20229,1561383209000
210,199.55493913043475,2384,1561383210000
211,199.565,183,1561383211000
212,199.61089999999993,2875,1561383212000
213,199.64654687499996,3418,1561383213000
214,199.62115384615385,2085,1561383214000
215,199.61586666666668,2360,1561383215000
216,199.62033999999997,596,1561383216000
217,199.60293417721508,6639,1561383217000
218,199.67439000000002,2750,1561383218000
219,199.67222857142858,1410,1561383219000
220,199.65829230769234,2169,1561383220000
221,199.68449354838702,2758,1561383221000
222,199.695,11,1561383222000
223,199.72535,1106,1561383223000
224,199.72624000000002,1106,1561383224000
225,199.69046666666668,995,1561383225000
226,199.67648,6863,1561383226000
227,199.6253407407407,2170,1561383227000
228,199.60686190476196,8004,1561383228000
229,199.6076625,992,1561383229000
230,199.60104,3839,1561383230000
231,199.60270000000003,273,1561383231000
232,199.57288750000006,1442,1561383232000
233,199.56498235294117,3308,1561383233000
234,199.57000000000002,152,1561383234000
235,199.56329999999997,1140,1561383235000
236,199.57666666666668,300,1561383236000
237,199.54977999999997,918,1561383237000
238,199.55444444444444,881,1561383238000
239,199.54885000000002,1426,1561383239000
240,199.5554235294118,11145,1561383240000
241,199.61160937499997,2482,1561383241000
242,199.64266666666666,808,1561383242000
243,199.64333333333332,173,1561383243000
244,199.69739130434783,1991,1561383244000
245,199.72689999999997,691,1561383245000
246,199.6918684210527,6264,1561383246000
247,199.67736153846153,1846,1561383247000
248,199.67976,1084,1561383248000
249,199.70136,2111,1561383249000
250,199.71298,600,1561383250000
251,199.68727500000003,3501,1561383251000
252,199.689,161,1561383252000
253,199.67139047619045,4519,1561383253000
254,199.63045000000002,361,1561383254000
255,199.61800000000002,267,1561383255000
256,199.6151357142857,1027,1561383256000
257,199.6417066666667,1049,1561383257000
258,199.67391428571423,1790,1561383258000
259,199.6591857142857,626,1561383259000
260,199.6557142857143,494,1561383260000
261,199.66,82,1561383261000
262,199.6746153846154,1001,1561383262000
263,199.69545454545457,7693,1561383263000
264,199.73844385964895,4169,1561383264000
265,199.72799999999998,204,1561383265000
266,199.71497499999998,352,1561383266000
267,199.7512782608697,2915,1561383267000
268,199.80188947368433,6397,1561383268000
269,199.8359,1964,1561383269000
270,199.8372,478,1561383270000
271,199.8162,662,1561383271000
272,199.8142,1513,1561383272000
273,199.80615,11681,1561383273000
274,199.78456666666668,434,1561383274000
275,199.77930769230775,1799,1561383275000
276,199.78825,300,1561383276000
277,199.7540055555556,994,1561383277000
278,199.72631,758,1561383278000
279,199.6849,125,1561383279000
280,199.6861125,2207,1561383280000
281,199.64548333333332,593,1561383281000
282,199.62742999999998,3494,1561383282000
283,199.59703999999996,2485,1561383283000
284,199.5345511904763,7552,1561383284000
285,199.56423076923082,1080,1561383285000
286,199.5725,300,1561383286000
287,199.53543043478263,3331,1561383287000
288,199.511785,2186,1561383288000
289,199.4951,300,1561383289000
290,199.45981999999998,2188,1561383290000
291,199.39454545454544,1586,1561383291000
292,199.37230769230771,713,1561383292000
293,199.47253482587044,17350,1561383293000
294,199.5986706896551,9021,1561383294000
295,199.61365,504,1561383295000
296,199.6047,2335,1561383296000
297,199.5947666666667,230,1561383297000
298,199.595,200,1561383298000
299,199.58952,318,1561383299000
300,199.5310526315791,2066,1561383300000
301,199.132,238,1561383301000
302,199.5204,7600,1561383302000
303,199.47416666666666,1112,1561383303000
304,199.06257142857143,190,1561383304000
305,199.46040000000002,1271,1561383305000
306,199.45530833333336,955,1561383306000
307,198.994125,73,1561383307000
308,199.4414777777778,1977,1561383308000
309,199.40269999999998,600,1561383309000
310,199.37768,677,1561383310000
311,199.35,3000,1561383311000
312,199.40695245901628,5527,1561383312000
313,199.49411176470588,1031,1561383313000
314,199.54695384615385,1236,1561383314000
315,199.57074999999998,500,1561383315000
316,199.57,748,1561383316000
317,199.5694333333333,721,1561383317000
318,199.54976666666667,52,1561383318000
319,199.25142857142856,502,1561383319000
320,199.56049999999996,965,1561383320000
321,199.56874999999997,1503,1561383321000
322,199.57999999999998,124,1561383322000
323,199.60558333333333,3050,1561383323000
324,199.64014999999998,1483,1561383324000
325,199.64365384615382,2225,1561383325000
326,199.63442,6057,1561383326000
327,199.61775588235287,3537,1561383327000
328,199.58005,800,1561383328000
329,199.58655,17,1561383329000
330,199.57102857142854,392,1561383330000
331,199.586,2,1561383331000
332,199.58,50,1561383332000
333,199.57006249999998,531,1561383333000
334,199.5466666666667,106,1561383334000
335,199.0314,31,1561383335000
336,199.45617,1950,1561383336000
337,199.16723333333331,502,1561383337000
338,199.49896666666666,453,1561383338000
339,199.4938,150,1561383339000
340,199.40802083333332,1694,1561383340000
341,199.40773333333334,1104,1561383341000
342,199.4496,25,1561383342000
343,199.4347,500,1561383343000
344,199.4433333333333,161,1561383344000
345,199.46465,121,1561383345000
346,199.49409999999997,802,1561383346000
347,199.52876666666668,258,1561383347000
348,199.49029375,1014,1561383348000
349,199.6046263157895,1509,1561383349000
350,199.60273636363635,1153,1561383350000
351,199.58,100,1561383351000
352,199.56980000000001,653,1561383352000
353,199.54371999999998,741,1561383353000
354,199.54,60,1561383354000
355,199.5481818181818,880,1561383355000
356,199.54868888888888,474,1561383356000
357,199.57546,1929,1561383357000
358,199.59633611111116,2026,1561383358000
359,199.60147777777775,1800,1561383359000
360,199.59210000000002,600,1561383360000
361,199.6,5,1561383361000
362,199.62518181818174,2990,1561383362000
363,199.64750000000004,714,1561383363000
364,199.61789999999996,2222,1561383364000
365,199.64929824561383,6090,1561383365000
366,199.62995999999998,1300,1561383366000
367,199.62377419354837,4444,1561383367000
368,199.60408333333336,266,1561383368000
369,199.65307083333343,2564,1561383369000
370,199.71003846153846,2555,1561383370000
371,199.7201,200,1561383371000
372,199.79380952380953,2650,1561383372000
373,199.81276666666668,856,1561383373000
374,199.8132375,1752,1561383374000
375,199.82966190476193,2693,1561383375000
376,199.82751538461537,2961,1561383376000
377,199.76900571428575,1769,1561383377000
378,199.74835555555555,696,1561383378000
379,199.74571428571429,557,1561383379000
380,199.76,17,1561383380000
381,199.77857142857147,535,1561383381000
382,199.79347272727276,933,1561383382000
383,199.8263,1172,1561383383000
384,199.84644999999998,2293,1561383384000
385,199.83136666666667,157,1561383385000
386,199.86821428571434,1720,1561383386000
387,199.8493222222222,867,1561383387000
388,199.84426666666664,449,1561383388000
389,199.81575333333336,1816,1561383389000
390,199.78833333333333,600,1561383390000
391,199.7623363636364,2434,1561383391000
392,199.76597999999998,704,1561383392000
393,199.73036842105265,2215,1561383393000
394,199.73669999999998,252,1561383394000
395,199.7165705882353,1823,1561383395000
396,199.72905925925923,1626,1561383396000
397,199.729975,605,1561383397000
398,199.745,110,1561383398000
399,199.76714285714283,253,1561383399000
400,199.79000000000002,18,1561383400000
401,199.81,2,1561383401000
402,199.7795,35,1561383402000
403,199.76,25,1561383403000
404,199.74748333333324,1140,1561383404000
405,199.76,100,1561383405000
406,199.74823529411765,740,1561383406000
407,199.75,86,1561383407000
408,199.77845,788,1561383408000
409,199.8182,1733,1561383409000
410,199.8333333333333,707,1561383410000
411,199.83,100,1561383411000
412,199.83798,205,1561383412000
413,199.79399999999998,245,1561383413000
414,199.77273636363637,867,1561383414000
415,199.78,85,1561383415000
416,199.78200000000004,2632,1561383416000
417,199.80349285714286,1689,1561383417000
418,199.815,120,1561383418000
419,199.80333333333337,218,1561383419000
420,199.82136363636363,1423,1561383420000
421,199.81650000000002,81,1561383421000
422,199.8313636363636,5246,1561383422000
423,199.83502499999997,401,1561383423000
424,199.85644285714287,277,1561383424000
425,199.82276562499987,11272,1561383425000
426,199.81418333333332,2585,1561383426000
427,199.7860357142858,4642,1561383427000
428,199.795,312,1561383428000
429,199.7965,35,1561383429000
430,199.77593749999997,2722,1561383430000
431,199.7801826086957,4169,1561383431000
432,199.77659090909086,4104,1561383432000
433,199.7286153846154,4357,1561383433000
434,199.7101,3,1561383434000
435,199.73000000000002,115,1561383435000
436,199.70048823529416,1298,1561383436000
437,199.714,450,1561383437000
438,199.72176470588232,1048,1561383438000
439,199.70995,102,1561383439000
440,199.71,58,1561383440000
441,199.7112777777778,529,1561383441000
442,199.6814285714286,459,1561383442000
443,199.68632,1296,1561383443000
444,199.68,500,1561383444000
445,199.65836363636365,753,1561383445000
446,199.61999999999998,305,1561383446000
447,199.6507142857143,571,1561383447000
448,199.67666666666665,581,1561383448000
449,199.712,1434,1561383449000
450,199.7271,715,1561383450000
451,199.724,232,1561383451000
452,199.7636,50,1561383452000
453,199.76511250000001,384,1561383453000
454,199.7707875,2600,1561383454000
455,199.76575,1163,1561383455000
456,199.75717777777777,413,1561383456000
457,199.74814285714288,663,1561383457000
458,199.7713,300,1561383458000
459,199.7853,440,1561383459000
460,199.77,282,1561383460000
461,199.745,103,1561383461000
462,199.74,40,1561383462000
463,199.773775,481,1561383463000
464,199.79173888888894,1020,1561383464000
465,199.79381428571426,1356,1561383465000
466,199.80000000000004,329,1561383466000
467,199.805,171,1561383467000
468,199.78867499999998,2298,1561383468000
469,199.805,18,1561383469000
470,199.78,134,1561383470000
471,199.7824875,411,1561383471000
472,199.785,200,1561383472000
473,199.81209090909087,438,1561383473000
474,199.79520000000002,155,1561383474000
475,199.8096,375,1561383475000
476,199.81714285714287,578,1561383476000
477,199.83166666666668,152,1561383477000
478,199.83084444444444,702,1561383478000
479,199.82636666666667,520,1561383479000
480,199.8551238095238,1353,1561383480000
481,199.86,402,1561383481000
482,199.84,25,1561383482000
483,199.84315,701,1561383483000
484,199.8302666666667,106,1561383484000
485,199.82231111111113,1433,1561383485000
486,199.78077499999998,617,1561383486000
487,199.73182307692306,3280,1561383487000
488,199.73950666666664,840,1561383488000
489,199.78,189,1561383489000
490,199.76926666666665,1269,1561383490000
491,199.74363333333335,204,1561383491000
492,199.72044545454548,1116,1561383492000
493,199.71355,730,1561383493000
494,199.66961764705883,1327,1561383494000
495,199.65348,322,1561383495000
496,199.65454545454548,901,1561383496000
497,199.62138307692314,4492,1561383497000
498,199.61125714285708,222,1561383498000
499,199.63,100,1561383499000
500,199.6521052631579,1137,1561383500000
501,199.69487777777775,2697,1561383501000
502,199.6995,800,1561383502000
503,199.68392000000003,556,1561383503000
504,199.64063333333334,500,1561383504000
505,199.65,31,1561383505000
506,199.63021875,2302,1561383506000
507,199.6676375,785,1561383507000
508,199.66833333333332,589,1561383508000
509,199.67251666666664,444,1561383509000
510,199.68324285714286,565,1561383510000
511,199.70017619047616,1320,1561383511000
512,199.6739285714286,1051,1561383512000
513,199.68970000000002,413,1561383513000
514,199.69559374999997,2160,1561383514000
515,199.69,69,1561383515000
516,199.692525,258,1561383516000
517,199.70976666666664,341,1561383517000
518,199.6993,508,1561383518000
519,199.70719166666666,881,1561383519000
520,199.7,63,1561383520000
521,199.67357142857145,536,1561383521000
522,199.655,427,1561383522000
523,199.67557142857143,1420,1561383523000
524,199.68943333333334,3100,1561383524000
525,199.7,100,1561383525000
526,199.68750000000003,122,1561383526000
527,199.6728,3100,1561383527000
528,199.68,100,1561383528000
529,199.69399999999996,1182,1561383529000
530,199.74605000000003,1978,1561383530000
531,199.71578947368417,1360,1561383531000
532,199.73714285714286,333,1561383532000
533,199.74666666666667,450,1561383533000
534,199.77687500000002,3133,1561383534000
535,199.336,185,1561383535000
536,199.77859999999998,595,1561383536000
537,199.79542857142857,399,1561383537000
538,199.666,200,1561383538000
539,199.8,50,1561383539000
540,199.768827586207,1706,1561383540000
541,199.76786666666666,101,1561383541000
542,199.76066666666665,150,1561383542000
543,199.73452500000002,750,1561383543000
544,199.7249,960,1561383544000
545,199.74,3,1561383545000
546,199.72,1,1561383546000
547,199.7389285714286,1102,1561383547000
548,199.74333333333334,144,1561383548000
549,199.72384999999997,442,1561383549000
550,199.70510000000002,372,1561383550000
551,199.74167777777777,1292,1561383551000
552,199.7351294117647,3275,1561383552000
553,199.74,15,1561383553000
554,199.7315,4,1561383554000
555,199.72534000000002,1690,1561383555000
556,199.73,100,1561383556000
557,199.725,800,1561383557000
558,199.7205,6,1561383558000
559,199.74,3,1561383559000
560,199.76966666666667,565,1561383560000
561,199.761,719,1561383561000
562,199.7542,701,1561383562000
563,199.75776666666664,602,1561383563000
564,199.77,201,1561383564000
565,199.78714285714287,465,1561383565000
566,199.80166666666665,137,1561383566000
567,199.8003333333333,901,1561383567000
568,199.77263333333335,872,1561383568000
569,199.77115,168,1561383569000
570,199.7603,200,1561383570000
571,199.76749999999998,202,1561383571000
572,199.77651999999998,293,1561383572000
573,199.80198000000001,596,1561383573000
574,199.7606,2200,1561383574000
575,199.75836666666666,840,1561383575000
576,199.76277272727273,972,1561383576000
577,199.7554,109,1561383577000
578,199.76875,21,1561383578000
579,199.77,4,1561383579000
580,199.77,48,1561383580000
581,199.78166666666667,302,1561383581000
582,199.79666666666665,476,1561383582000
583,199.77745,400,1561383583000
584,199.80259999999998,255,1561383584000
585,199.8275166666667,903,1561383585000
586,199.83115384615382,900,1561383586000
587,199.83644999999996,153,1561383587000
588,199.833,75,1561383588000
589,199.8316,700,1561383589000
590,199.505,758,1561383590000
591,199.83050000000003,151,1561383591000
592,199.83,251,1561383592000
593,199.84349999999998,1451,1561383593000
594,199.87333333333333,695,1561383594000
595,199.8975281249999,3900,1561383595000
596,199.90464500000002,1320,1561383596000
597,199.85818749999999,444,1561383597000
598,199.879975,508,1561383598000
599,199.88448750000003,1283,1561383599000
600,199.9004875,765,1561383600000
601,199.9185956521739,1220,1561383601000
602,199.9048,359,1561383602000
603,199.91381666666666,1805,1561383603000
604,199.91799999999998,227,1561383604000
605,199.9380166666667,2560,1561383605000
606,199.95159999999993,6343,1561383606000
607,199.94251250000002,1150,1561383607000
608,199.92666666666665,341,1561383608000
609,199.9331052631579,605,1561383609000
610,199.932,116,1561383610000
611,199.9383,139,1561383611000
612,199.94802777777772,1503,1561383612000
613,199.94666666666663,300,1561383613000
614,199.939975,211,1561383614000
615,199.922,103,1561383615000
616,199.87051777777774,2674,1561383616000
617,199.88559090909092,1635,1561383617000
618,199.79666666666665,37,1561383618000
619,199.88750000000002,451,1561383619000
620,199.8794375,1492,1561383620000
621,199.8404642857143,870,1561383621000
622,199.8613592592593,1453,1561383622000
623,199.83294772727268,3116,1561383623000
624,199.8088461538462,1171,1561383624000
625,199.8074724137931,4930,1561383625000
626,199.81368421052633,1485,1561383626000
627,199.8267,200,1561383627000
628,199.87966249999994,2355,1561383628000
629,199.90664999999998,323,1561383629000
630,199.92200000000003,530,1561383630000
631,199.90005000000002,5,1561383631000
632,199.91516666666666,289,1561383632000
633,199.9,100,1561383633000
634,199.89802,400,1561383634000
635,199.89582000000001,1123,1561383635000
636,199.91,100,1561383636000
637,199.9143,231,1561383637000
638,199.9162,30,1561383638000
639,199.9105,1000,1561383639000
640,199.91334999999998,250,1561383640000
641,199.93933199999995,2872,1561383641000
642,199.96110000000002,5106,1561383642000
643,199.98684722222208,3492,1561383643000
644,199.98645238095222,2593,1561383644000
645,199.98033999999998,52,1561383645000
646,199.95031153846142,6207,1561383646000
647,199.9776,500,1561383647000
648,199.98714285714274,1255,1561383648000
649,199.97315384615388,1231,1561383649000
650,199.94743589743595,1480,1561383650000
651,199.95991999999998,171,1561383651000
652,199.96287142857142,2933,1561383652000
653,199.9401,8,1561383653000
654,199.94,100,1561383654000
655,199.96666666666667,201,1561383655000
656,199.96742500000002,372,1561383656000
657,199.948,358,1561383657000
658,199.9451,500,1561383658000
659,199.90176470588236,819,1561383659000
660,199.8818,8,1561383660000
661,199.89818181818188,416,1561383661000
662,199.91,100,1561383662000
663,199.88302,891,1561383663000
664,199.852975,2004,1561383664000
665,199.8475,273,1561383665000
666,199.85330000000002,133,1561383666000
667,199.8817124999999,2621,1561383667000
668,199.8598945054946,15606,1561383668000
669,199.86,100,1561383669000
670,199.885,74,1561383670000
671,199.90416666666667,480,1561383671000
672,199.92696250000003,736,1561383672000
673,199.936,295,1561383673000
674,199.94,100,1561383674000
675,199.95818181818183,807,1561383675000
676,199.97538333333333,4200,1561383676000
677,199.97564,800,1561383677000
678,199.97303333333332,637,1561383678000
679,199.96109090909093,1827,1561383679000
680,199.9495,1021,1561383680000
681,199.92005882352944,1725,1561383681000
682,199.922625,506,1561383682000
683,199.9399,15,1561383683000
684,199.935,60,1561383684000
685,199.9477777777778,597,1561383685000
686,199.96896,1564,1561383686000
687,199.97005000000001,200,1561383687000
688,199.97266666666667,894,1561383688000
689,199.97702,900,1561383689000
690,199.9666,224,1561383690000
691,199.95272727272723,1938,1561383691000
692,199.93224999999998,1319,1561383692000
693,199.88102631578965,10576,1561383693000
694,199.89,17,1561383694000
695,199.8875,175,1561383695000
696,199.9052125,178,1561383696000
697,199.917,25,1561383697000
698,199.905,249,1561383698000
699,199.8657142857143,3200,1561383699000
700,199.84,10,1561383700000
701,199.87,100,1561383701000
702,199.86015,11,1561383702000
703,199.87,441,1561383703000
704,199.85782500000002,706,1561383704000
705,199.84300000000002,175,1561383705000
706,199.84919047619047,2289,1561383706000
707,199.8244,266,1561383707000
708,199.83,75,1561383708000
709,199.82232857142859,1533,1561383709000
710,199.82,414,1561383710000
711,199.84623749999997,578,1561383711000
712,199.8637,2900,1561383712000
713,199.8701,1,1561383713000
714,199.8792,114,1561383714000
715,199.89142857142855,322,1561383715000
716,199.89,202,1561383716000
717,199.8791666666667,1608,1561383717000
718,199.86139999999995,954,1561383718000
719,199.8477,150,1561383719000
720,199.85,120,1561383720000
721,199.87,100,1561383721000
722,199.87966923076922,2310,1561383722000
723,199.89373,823,1561383723000
724,199.902175,2150,1561383724000
725,199.8993,410,1561383725000
726,199.90895,436,1561383726000
727,199.89316249999996,280,1561383727000
728,199.873,401,1561383728000
729,199.87,100,1561383729000
730,199.88145714285716,521,1561383730000
731,199.9,100,1561383731000
732,199.90005000000002,1551,1561383732000
733,199.90115714285713,222,1561383733000
734,199.88999999999996,554,1561383734000
735,199.8684615384615,2232,1561383735000
736,199.89538461538464,685,1561383736000
737,199.9035,195,1561383737000
738,199.88291428571424,291,1561383738000
739,199.86166111111112,1309,1561383739000
740,199.8226818181818,1360,1561383740000
741,199.80336666666668,150,1561383741000
742,199.77545652173913,2605,1561383742000
743,199.74695,654,1561383743000
744,199.7698,3500,1561383744000
745,199.78142857142856,800,1561383745000
746,199.77497499999998,2124,1561383746000
747,199.7628,415,1561383747000
748,199.7794,300,1561383748000
749,199.78,5,1561383749000
750,199.80772727272725,1505,1561383750000
751,199.81749999999997,764,1561383751000
752,199.80772727272725,681,1561383752000
753,199.79706666666667,164,1561383753000
754,199.80579999999998,522,1561383754000
755,199.8381818181818,586,1561383755000
756,199.8548,6,1561383756000
757,199.82545454545453,728,1561383757000
758,199.8241,74,1561383758000
759,199.83915000000002,69,1561383759000
760,199.82915000000003,1246,1561383760000
761,199.8487,1000,1561383761000
762,199.85642857142858,936,1561383762000
763,199.8871142857143,731,1561383763000
764,199.882125,1200,1561383764000
765,199.88504999999998,105,1561383765000
766,199.88571428571427,450,1561383766000
767,199.87142999999998,864,1561383767000
768,199.90946874999997,3013,1561383768000
769,199.92333333333332,122,1561383769000
770,199.90501666666668,307,1561383770000
771,199.905,384,1561383771000
772,199.92065000000002,432,1561383772000
773,199.9,1,1561383773000
774,199.91,234,1561383774000
775,199.86266739130443,3926,1561383775000
776,199.86568333333332,4925,1561383776000
777,199.8899,100,1561383777000
778,199.89000000000001,547,1561383778000
779,199.893575,503,1561383779000
780,199.86837,1301,1561383780000
781,199.84168749999998,644,1561383781000
782,199.8334,300,1561383782000
783,199.80575714285712,548,1561383783000
784,199.79285714285714,618,1561383784000
785,199.7966909090909,1431,1561383785000
786,199.81604000000002,1237,1561383786000
787,199.81,7,1561383787000
788,199.838,250,1561383788000
789,199.82037499999998,400,1561383789000
790,199.83300000000003,236,1561383790000
791,199.85833333333335,303,1561383791000
792,199.865,2704,1561383792000
793,199.88989999999998,1305,1561383793000
794,199.88,225,1561383794000
795,199.9,550,1561383795000
796,199.88599999999997,254,1561383796000
797,199.88731666666664,903,1561383797000
798,199.8801,208,1561383798000
799,199.89986666666667,1085,1561383799000
800,199.9,300,1561383800000
801,199.89,11,1561383801000
802,199.83844915254238,3998,1561383802000
803,199.85749,1000,1561383803000
804,199.87,76,1561383804000
805,199.85,22,1561383805000
806,199.85625,556,1561383806000
807,199.84,100,1561383807000
808,199.845,255,1561383808000
809,199.81633333333332,590,1561383809000
810,199.81383333333335,58,1561383810000
811,199.8399,1,1561383811000
812,199.84498999999997,1565,1561383812000
813,199.86700000000002,459,1561383813000
814,199.8786363636364,718,1561383814000
815,199.85,973,1561383815000
816,199.84,100,1561383816000
817,199.84,12,1561383817000
818,199.82802,325,1561383818000
819,199.843975,238,1561383819000
820,199.850725,6225,1561383820000
821,199.85,100,1561383821000
822,199.85,100,1561383822000
823,199.8548,200,1561383823000
824,199.80725555555557,431,1561383824000
825,199.76999999999998,923,1561383825000
826,199.728125,481,1561383826000
827,199.7427260869566,3925,1561383827000
828,199.73909090909092,610,1561383828000
829,199.73,322,1561383829000
830,199.73420000000002,400,1561383830000
831,199.71413333333336,450,1561383831000
832,199.715,134,1561383832000
833,199.68382352941174,4270,1561383833000
834,199.65049500000006,1503,1561383834000
835,199.6556523809524,1543,1561383835000
836,199.6414714285714,761,1561383836000
837,199.63018,1827,1561383837000
838,199.58850624999997,1543,1561383838000
839,199.5994,1254,1561383839000
840,199.5900142857143,2543,1561383840000
841,199.61980625000004,863,1561383841000
842,199.625,110,1561383842000
843,199.62,100,1561383843000
844,199.63158260869565,2017,1561383844000
845,199.64245454545454,4529,1561383845000
846,199.63676250000003,3431,1561383846000
847,199.57751908396946,14228,1561383847000
848,199.6342857142857,722,1561383848000
849,199.6425,1360,1561383849000
850,199.66480937499992,1751,1561383850000
851,199.62374761904778,1598,1561383851000
852,199.61632727272726,1313,1561383852000
853,199.57580000000002,311,1561383853000
854,199.60875000000001,435,1561383854000
855,199.61666666666667,424,1561383855000
856,199.61700000000002,479,1561383856000
857,199.62922727272732,824,1561383857000
858,199.62562500000004,958,1561383858000
859,199.625,453,1561383859000
860,199.63,34,1561383860000
861,199.63107647058828,1736,1561383861000
862,199.6321,50,1561383862000
863,199.63142857142853,1123,1561383863000
864,199.65088823529402,2518,1561383864000
865,199.63375000000008,396,1561383865000
866,199.63842105263157,2975,1561383866000
867,199.614,252,1561383867000
868,199.616,220,1561383868000
869,199.625,200,1561383869000
870,199.6332,500,1561383870000
871,199.64401999999998,1202,1561383871000
872,199.65124705882354,848,1561383872000
873,199.63277,1113,1561383873000
874,199.61726666666667,105,1561383874000
875,199.61,100,1561383875000
876,199.60833333333335,300,1561383876000
877,199.61316666666667,1064,1561383877000
878,199.597475,800,1561383878000
879,199.5781,1355,1561383879000
880,199.58583333333334,203,1561383880000
881,199.57068181818178,1326,1561383881000
882,199.59117500000002,500,1561383882000
883,199.57744000000002,1650,1561383883000
884,199.5686166666667,2018,1561383884000
885,199.5358,34,1561383885000
886,199.5682,25,1561383886000
887,199.5720583333333,1090,1561383887000
888,199.57508695652174,1479,1561383888000
889,199.59,10,1561383889000
890,199.595,150,1561383890000
891,199.6,1,1561383891000
892,199.56842631578948,2100,1561383892000
893,199.55,2,1561383893000
894,199.50804252873576,6183,1561383894000
895,199.4475757575756,1711,1561383895000
896,199.43303030303028,1668,1561383896000
897,199.42188124999998,1620,1561383897000
898,199.4033333333334,2975,1561383898000
899,199.4004166666667,2364,1561383899000
900,199.42715714285708,4443,1561383900000
901,199.4194307692308,1300,1561383901000
902,199.37971666666667,2990,1561383902000
903,199.38416666666663,302,1561383903000
904,199.41333333333336,583,1561383904000
905,199.45435238095237,1243,1561383905000
906,199.46416666666667,5819,1561383906000
907,199.46791904761903,4581,1561383907000
908,199.47369999999995,2974,1561383908000
909,199.4985642857143,716,1561383909000
910,199.5,116,1561383910000
911,199.49188172042997,5020,1561383911000
912,199.49666666666667,573,1561383912000
913,199.50805172413797,2352,1561383913000
914,199.54500000000002,277,1561383914000
915,199.577875,2870,1561383915000
916,199.61236000000002,1334,1561383916000
917,199.66685454545453,1750,1561383917000
918,199.67373750000002,445,1561383918000
919,199.634,410,1561383919000
920,199.62109999999996,718,1561383920000
921,199.61768571428573,364,1561383921000
922,199.61875,2023,1561383922000
923,199.65642857142853,877,1561383923000
924,199.67742142857145,5706,1561383924000
925,199.66615000000004,1200,1561383925000
926,199.69,100,1561383926000
927,199.68942857142858,2410,1561383927000
928,199.68538461538463,1160,1561383928000
929,199.68679999999998,777,1561383929000
930,199.6834411764706,1098,1561383930000
931,199.6678642857143,851,1561383931000
932,199.6457714285714,305,1561383932000
933,199.64285,700,1561383933000
934,199.63799999999998,226,1561383934000
935,199.62937500000004,536,1561383935000
936,199.6257142857143,387,1561383936000
937,199.66495,200,1561383937000
938,199.6860428571429,574,1561383938000
939,199.690025,302,1561383939000
940,199.70626666666666,265,1561383940000
941,199.70066666666665,500,1561383941000
942,199.68721666666667,1223,1561383942000
943,199.69226666666668,205,1561383943000
944,199.70088571428573,1122,1561383944000
945,199.70983333333334,1200,1561383945000
946,199.70184,142,1561383946000
947,199.74,53,1561383947000
948,199.74343333333331,131,1561383948000
949,199.76,10,1561383949000
950,199.73660909090907,613,1561383950000
951,199.74106666666668,257,1561383951000
952,199.76815925925928,2300,1561383952000
953,199.81,939,1561383953000
954,199.78268571428572,572,1561383954000
955,199.82,263,1561383955000
956,199.8197,1,1561383956000
957,199.8184727272727,662,1561383957000
958,199.8117636363636,2740,1561383958000
959,199.80298888888888,1439,1561383959000
960,199.80136249999998,1238,1561383960000
961,199.7569230769231,1322,1561383961000
962,199.74666666666667,201,1561383962000
963,199.77957777777775,629,1561383963000
964,199.76401666666666,691,1561383964000
965,199.76999999999998,138,1561383965000
966,199.78019999999998,709,1561383966000
967,199.7567,236,1561383967000
968,199.77849999999998,500,1561383968000
969,199.77009999999999,212,1561383969000
970,199.7742857142857,500,1561383970000
971,199.78052222222226,1533,1561383971000
972,199.7768,200,1561383972000
973,199.778,500,1561383973000
974,199.76,50,1561383974000
975,199.75954545454542,451,1561383975000
976,199.75,235,1561383976000
977,199.74063157894733,1309,1561383977000
978,199.755,385,1561383978000
979,199.765175,259,1561383979000
980,199.7871,30,1561383980000
981,199.7825,144,1561383981000
982,199.76802,206,1561383982000
983,199.73857142857145,735,1561383983000
984,199.71285714285713,500,1561383984000
985,199.7214333333333,1200,1561383985000
986,199.7110571428572,455,1561383986000
987,199.67611666666664,910,1561383987000
988,199.66912857142856,1058,1561383988000
989,199.69,37,1561383989000
990,199.67325714285718,2027,1561383990000
991,199.6792,12,1561383991000
992,199.67710000000002,2584,1561383992000
993,199.67818181818183,541,1561383993000
994,199.69839999999996,1542,1561383994000
995,199.70179090909096,535,1561383995000
996,199.7441666666667,1332,1561383996000
997,199.7405090909091,478,1561383997000
998,199.74,117,1561383998000
999,199.74544444444444,322,1561383999000
1000,199.73503333333335,160,1561384000000
1001,199.745,291,1561384001000
1002,199.75,124,1561384002000
1003,199.76762499999998,1469,1561384003000
1004,199.75805999999997,246,1561384004000
1005,199.75622857142858,580,1561384005000
1006,199.73333333333335,300,1561384006000
1007,199.733,133,1561384007000
1008,199.75484285714285,906,1561384008000
1009,199.755,400,1561384009000
1010,199.774,116,1561384010000
1011,199.76150000000004,623,1561384011000
1012,199.76,52,1561384012000
1013,199.78300000000004,1510,1561384013000
1014,199.8016,500,1561384014000
1015,199.8083333333333,112,1561384015000
1016,199.79787272727285,1992,1561384016000
1017,199.73139821428546,11435,1561384017000
1018,199.73,1,1561384018000
1019,199.73399999999998,1000,1561384019000
1020,199.75768333333335,596,1561384020000
1021,199.752625,262,1561384021000
1022,199.74255555555555,616,1561384022000
1023,199.75222222222223,439,1561384023000
1024,199.75334444444445,566,1561384024000
1025,199.74333333333334,119,1561384025000
1026,199.75823529411767,795,1561384026000
1027,199.75285714285715,1014,1561384027000
1028,199.7511111111111,281,1561384028000
1029,199.7253846153846,1197,1561384029000
1030,199.715725,300,1561384030000
1031,199.6998625,265,1561384031000
1032,199.7357142857143,333,1561384032000
1033,199.75133333333335,492,1561384033000
1034,199.74958333333333,1342,1561384034000
1035,199.7525,223,1561384035000
1036,199.7497142857143,624,1561384036000
1037,199.749,418,1561384037000
1038,199.74,102,1561384038000
1039,199.75,20,1561384039000
1040,199.754325,12,1561384040000
1041,199.750908,2843,1561384041000
1042,199.75381764705884,1602,1561384042000
1043,199.74710000000002,164,1561384043000
1044,199.74135384615386,1723,1561384044000
1045,199.7099,20,1561384045000
1046,199.7,100,1561384046000
1047,199.71,117,1561384047000
1048,199.71956666666665,75,1561384048000
1049,199.71892000000003,319,1561384049000
1050,199.7104230769231,2069,1561384050000
1051,199.71333333333334,251,1561384051000
1052,199.7075,200,1561384052000
1053,199.70833333333334,263,1561384053000
1054,199.72613636363639,1556,1561384054000
1055,199.74630833333333,660,1561384055000
1056,199.75,972,1561384056000
1057,199.72600000000003,392,1561384057000
1058,199.71050000000002,945,1561384058000
1059,199.70000000000002,500,1561384059000
1060,199.69,16,1561384060000
1061,199.68,305,1561384061000
1062,199.6699888888889,423,1561384062000
1063,199.67600000000002,254,1561384063000
1064,199.68065,490,1561384064000
1065,199.68,400,1561384065000
1066,199.68,835,1561384066000
1067,199.66971428571426,966,1561384067000
1068,199.67278,376,1561384068000
1069,199.66272727272727,1362,1561384069000
1070,199.65744,852,1561384070000
1071,199.65,123,1561384071000
1072,199.63295294117646,1150,1561384072000
1073,199.6031470588235,1850,1561384073000
1074,199.57586666666668,358,1561384074000
1075,199.56,260,1561384075000
1076,199.5708,605,1561384076000
1077,199.57714285714283,592,1561384077000
1078,199.5832166666667,1710,1561384078000
1079,199.6,300,1561384079000
1080,199.60625,502,1561384080000
1081,199.6047,650,1561384081000
1082,199.59868999999998,267,1561384082000
1083,199.5661111111111,1952,1561384083000
1084,199.52,335,1561384084000
1085,199.52333333333334,204,1561384085000
1086,199.542675,366,1561384086000
1087,199.55298333333334,610,1561384087000
1088,199.5583,300,1561384088000
1089,199.53694000000002,1400,1561384089000
1090,199.5200000000001,1117,1561384090000
1091,199.52599999999998,214,1561384091000
1092,199.54,1450,1561384092000
1093,199.5474,61,1561384093000
1094,199.5485,469,1561384094000
1095,199.55616,611,1561384095000
1096,199.56,138,1561384096000
1097,199.58055555555555,903,1561384097000
1098,199.60201052631578,1284,1561384098000
1099,199.6395285714286,524,1561384099000
1100,199.63333333333333,935,1561384100000
1101,199.62683333333334,225,1561384101000
1102,199.63723333333334,112,1561384102000
1103,199.63,200,1561384103000
1104,199.635,134,1561384104000
1105,199.6414807692307,3907,1561384105000
1106,199.68000000000004,474,1561384106000
1107,199.69005833333335,659,1561384107000
1108,199.68277777777777,1865,1561384108000
1109,199.67088235294113,1846,1561384109000
1110,199.65306774193544,2287,1561384110000
1111,199.635,109,1561384111000
1112,199.61333333333332,4616,1561384112000
1113,199.60844736842114,3108,1561384113000
1114,199.58333333333334,140,1561384114000
1115,199.58,100,1561384115000
1116,199.5749916666667,831,1561384116000
1117,199.53998333333334,636,1561384117000
1118,199.5379,50,1561384118000
1119,199.52302,1551,1561384119000
1120,199.49750000000003,595,1561384120000
1121,199.4716062499999,12835,1561384121000
1122,199.44449999999998,921,1561384122000
1123,199.46818888888887,1305,1561384123000
1124,199.48,200,1561384124000
1125,199.49495000000002,101,1561384125000
1126,199.49824999999998,305,1561384126000
1127,199.51165,421,1561384127000
1128,199.53125,516,1561384128000
1129,199.52196000000004,681,1561384129000
1130,199.53296428571426,1246,1561384130000
1131,199.5499,1,1561384131000
1132,199.55624999999998,154,1561384132000
1133,199.55546666666666,195,1561384133000
1134,199.56755555555551,2439,1561384134000
1135,199.58861249999998,3355,1561384135000
1136,199.5697861111111,3637,1561384136000
1137,199.60500000000002,382,1561384137000
1138,199.60475,12,1561384138000
1139,199.616,179,1561384139000
1140,199.62,333,1561384140000
1141,199.63631666666666,388,1561384141000
1142,199.61391874999998,1366,1561384142000
1143,199.595,104,1561384143000
1144,199.60999999999999,637,1561384144000
1145,199.63665000000003,970,1561384145000
1146,199.66448275862055,3125,1561384146000
1147,199.6984684210526,1206,1561384147000
1148,199.695,200,1561384148000
1149,199.6717263157895,1112,1561384149000
1150,199.675,100,1561384150000
1151,199.65836666666667,250,1561384151000
1152,199.64004999999997,11,1561384152000
1153,199.66715714285715,184,1561384153000
1154,199.6715,100,1561384154000
1155,199.68158333333335,327,1561384155000
1156,199.67760000000004,6017,1561384156000
1157,199.64479999999998,110,1561384157000
1158,199.64,1,1561384158000
1159,199.64166666666662,803,1561384159000
1160,199.63071428571428,522,1561384160000
1161,199.626,261,1561384161000
1162,199.6486,100,1561384162000
1163,199.65,25,1561384163000
1164,199.65000000000003,706,1561384164000
1165,199.649975,251,1561384165000
1166,199.65,100,1561384166000
1167,199.62333333333333,1052,1561384167000
1168,199.60822857142855,2092,1561384168000
1169,199.6146666666667,610,1561384169000
1170,199.612,108,1561384170000
1171,199.63,401,1561384171000
1172,199.63333333333333,237,1561384172000
1173,199.64,13,1561384173000
1174,199.64,5,1561384174000
1175,199.6250055555556,1713,1561384175000
1176,199.62,21,1561384176000
1177,199.63934999999998,300,1561384177000
1178,199.63875,255,1561384178000
1179,199.64807142857143,167,1561384179000
1180,199.63787499999998,736,1561384180000
1181,199.6462,20,1561384181000
1182,199.645,100,1561384182000
1183,199.65136363636367,1215,1561384183000
1184,199.66875833333336,833,1561384184000
1185,199.68876,618,1561384185000
1186,199.70083333333335,549,1561384186000
1187,199.71420454545452,1105,1561384187000
1188,199.7407846153846,1850,1561384188000
1189,199.754644,2904,1561384189000
1190,199.77365,200,1561384190000
1191,199.78608,1800,1561384191000
1192,199.78751333333335,882,1561384192000
1193,199.79598000000001,712,1561384193000
1194,199.79201999999998,402,1561384194000
1195,199.770025,40,1561384195000
1196,199.78,916,1561384196000
1197,199.7688888888889,521,1561384197000
1198,199.775,99,1561384198000
1199,199.75909999999996,624,1561384199000
1200,199.7372,338,1561384200000
1201,199.7403,7,1561384201000
1202,199.75155,2037,1561384202000
1203,199.75243333333333,445,1561384203000
1204,199.75333333333333,120,1561384204000
1205,199.7622210526316,2346,1561384205000
1206,199.79,152,1561384206000
1207,199.79440625000004,2978,1561384207000
1208,199.80249999999998,3118,1561384208000
1209,199.805,137,1561384209000
1210,199.81774166666662,1110,1561384210000
1211,199.82761818181817,900,1561384211000
1212,199.80765,703,1561384212000
1213,199.80125000000004,233,1561384213000
1214,199.79712500000002,206,1561384214000
1215,199.7991,500,1561384215000
1216,199.7931,10,1561384216000
1217,199.8,100,1561384217000
1218,199.80174999999997,1380,1561384218000
1219,199.77627450980404,10160,1561384219000
1220,199.755,578,1561384220000
1221,199.775,302,1561384221000
1222,199.78,100,1561384222000
1223,199.79,100,1561384223000
1224,199.79999999999998,174,1561384224000
1225,199.80385238095243,3202,1561384225000
1226,199.8052,100,1561384226000
1227,199.8,109,1561384227000
1228,199.8,100,1561384228000
1229,199.7925,649,1561384229000
1230,199.78542,1820,1561384230000
1231,199.786,300,1561384231000
1232,199.79865,509,1561384232000
1233,199.80246666666667,143,1561384233000
1234,199.81555555555553,413,1561384234000
1235,199.8199,65,1561384235000
1236,199.795,1224,1561384236000
1237,199.76,200,1561384237000
1238,199.74974,265,1561384238000
1239,199.7375,100,1561384239000
1240,199.74166666666667,700,1561384240000
1241,199.73142857142855,529,1561384241000
1242,199.729975,403,1561384242000
1243,199.73783333333336,598,1561384243000
1244,199.7409,100,1561384244000
1245,199.74660000000003,203,1561384245000
1246,199.725,150,1561384246000
1247,199.726,402,1561384247000
1248,199.72666666666666,173,1561384248000
1249,199.71484444444445,557,1561384249000
1250,199.6787,575,1561384250000
1251,199.67450000000002,1011,1561384251000
1252,199.68150000000003,400,1561384252000
1253,199.7125125,501,1561384253000
1254,199.7100058823529,1719,1561384254000
1255,199.72,1,1561384255000
1256,199.72,300,1561384256000
1257,199.74666666666667,47,1561384257000
1258,199.73,400,1561384258000
1259,199.71884999999997,1100,1561384259000
1260,199.70809523809518,1069,1561384260000
1261,199.708,412,1561384261000
1262,199.71333333333334,201,1561384262000
1263,199.72,110,1561384263000
1264,199.74005882352935,1282,1561384264000
1265,199.75,400,1561384265000
1266,199.75223333333332,671,1561384266000
1267,199.76,302,1561384267000
1268,199.751575,2300,1561384268000
1269,199.74315833333333,745,1561384269000
1270,199.7733571428571,736,1561384270000
1271,199.79,100,1561384271000
1272,199.78333333333333,900,1561384272000
1273,199.76252499999998,104,1561384273000
1274,199.7655,146,1561384274000
1275,199.76944444444447,2067,1561384275000
1276,199.74996000000002,265,1561384276000
1277,199.7101,25,1561384277000
1278,199.73,200,1561384278000
1279,199.74458750000008,1271,1561384279000
1280,199.769825,485,1561384280000
1281,199.77918333333332,375,1561384281000
1282,199.79003333333333,1200,1561384282000
1283,199.8,14,1561384283000
1284,199.79999999999998,1039,1561384284000
1285,199.80644285714286,900,1561384285000
1286,199.80025833333332,1373,1561384286000
1287,199.8,1050,1561384287000
1288,199.8,200,1561384288000
1289,199.8125,200,1561384289000
1290,199.8269909090909,601,1561384290000
1291,199.8375,200,1561384291000
1292,199.84883571428568,1406,1561384292000
1293,199.86405555555552,6072,1561384293000
1294,199.86,110,1561384294000
1295,199.85475000000002,800,1561384295000
1296,199.8506857142857,1497,1561384296000
1297,199.8664222222222,2607,1561384297000
1298,199.88533157894733,3644,1561384298000
1299,199.88899999999998,301,1561384299000
1300,199.88549999999998,1239,1561384300000
1301,199.89171666666667,2332,1561384301000
1302,199.89166666666665,107,1561384302000
1303,199.87498,890,1561384303000
1304,199.88746666666663,266,1561384304000
1305,199.90145714285714,2208,1561384305000
1306,199.91018,652,1561384306000
1307,199.90941666666666,2285,1561384307000
1308,199.901,100,1561384308000
1309,199.9,10,1561384309000
1310,199.91202857142858,428,1561384310000
1311,199.88662499999998,708,1561384311000
1312,199.8746058823529,1346,1561384312000
1313,199.8615,63,1561384313000
1314,199.86166666666668,180,1561384314000
1315,199.85666666666665,804,1561384315000
1316,199.845,201,1561384316000
1317,199.85,100,1561384317000
1318,199.85075555555554,638,1561384318000
1319,199.85495,14,1561384319000
1320,199.84878333333336,212,1561384320000
1321,199.88219999999998,1242,1561384321000
1322,199.8973,150,1561384322000
1323,199.8800533333333,3104,1561384323000
1324,199.87,100,1561384324000
1325,199.87385,803,1561384325000
1326,199.8532,50,1561384326000
1327,199.8761,228,1561384327000
1328,199.86251249999998,759,1561384328000
1329,199.8698,1,1561384329000
1330,199.86,100,1561384330000
1331,199.8725,281,1561384331000
1332,199.8833,5,1561384332000
1333,199.8755,21,1561384333000
1334,199.8675,761,1561384334000
1335,199.86,553,1561384335000
1336,199.85670000000002,60,1561384336000
1337,199.84812499999998,1339,1561384337000
1338,199.83173333333332,991,1561384338000
1339,199.83,670,1561384339000
1340,199.81999999999996,721,1561384340000
1341,199.8137,1000,1561384341000
1342,199.814,251,1561384342000
1343,199.8058,71,1561384343000
1344,199.8183333333333,750,1561384344000
1345,199.83200000000002,265,1561384345000
1346,199.81983333333335,600,1561384346000
1347,199.83222222222219,420,1561384347000
1348,199.8199,1220,1561384348000
1349,199.79819999999998,1017,1561384349000
1350,199.79500000000002,101,1561384350000
1351,199.7848,545,1561384351000
1352,199.77376666666666,166,1561384352000
1353,199.772,142,1561384353000
1354,199.76873333333333,778,1561384354000
1355,199.75805,200,1561384355000
1356,199.7609,107,1561384356000
1357,199.77334000000005,712,1561384357000
1358,199.7909,105,1561384358000
1359,199.79530303030302,3554,1561384359000
1360,199.77599999999998,700,1561384360000
1361,199.7678,30,1561384361000
1362,199.750294117647,2239,1561384362000
1363,199.73495,101,1561384363000
1364,199.73375000000001,555,1561384364000
1365,199.7475,391,1561384365000
1366,199.72875000000002,482,1561384366000
1367,199.72965,208,1561384367000
1368,199.7341,1105,1561384368000
1369,199.74555555555557,726,1561384369000
1370,199.74484285714286,151,1561384370000
1371,199.76544545454544,675,1561384371000
1372,199.74465384615385,1833,1561384372000
1373,199.7220166666667,247,1561384373000
1374,199.7176,701,1561384374000
1375,199.7126,90,1561384375000
1376,199.71,100,1561384376000
1377,199.70666666666668,1056,1561384377000
1378,199.68875,1058,1561384378000
1379,199.66399714285717,4634,1561384379000
1380,199.69311999999996,1260,1561384380000
1381,199.71265384615387,1538,1561384381000
1382,199.7188928571429,902,1561384382000
1383,199.73545454545456,655,1561384383000
1384,199.73018750000003,558,1561384384000
1385,199.714,404,1561384385000
1386,199.69725,115,1561384386000
1387,199.68636363636367,1002,1561384387000
1388,199.655,270,1561384388000
1389,199.66,50,1561384389000
1390,199.66833333333332,493,1561384390000
1391,199.65727272727278,617,1561384391000
1392,199.6529166666667,758,1561384392000
1393,199.63400000000001,1384,1561384393000
1394,199.634,460,1561384394000
1395,199.64499999999998,65,1561384395000
1396,199.649,410,1561384396000
1397,199.66892857142858,625,1561384397000
1398,199.66432500000002,1183,1561384398000
1399,199.66812857142855,3593,1561384399000
1400,199.65810000000002,1187,1561384400000
1401,199.6504285714286,1200,1561384401000
1402,199.6448,115,1561384402000
1403,199.62882727272728,962,1561384403000
1404,199.62261249999995,2408,1561384404000
1405,199.62,275,1561384405000
1406,199.61842307692302,227,1561384406000
1407,199.62876875000003,609,1561384407000
1408,199.6382714285714,369,1561384408000
1409,199.64,68,1561384409000
1410,199.65000000000003,371,1561384410000
1411,199.62924999999998,1992,1561384411000
1412,199.64499999999998,13,1561384412000
1413,199.64499999999998,238,1561384413000
1414,199.63481666666664,973,1561384414000
1415,199.6499,2,1561384415000
1416,199.65230714285715,1056,1561384416000
1417,199.64417777777774,592,1561384417000
1418,199.64,100,1561384418000
1419,199.62806153846157,673,1561384419000
1420,199.60866666666666,202,1561384420000
1421,199.6185714285714,456,1561384421000
1422,199.62201111111108,992,1561384422000
1423,199.6095,1202,1561384423000
1424,199.60431176470587,1400,1561384424000
1425,199.60666666666668,32,1561384425000
1426,199.5680016129032,4797,1561384426000
1427,199.55999999999997,464,1561384427000
1428,199.53734999999998,2597,1561384428000
1429,199.54579999999999,652,1561384429000
1430,199.5324,426,1561384430000
1431,199.51896,611,1561384431000
1432,199.52382941176475,1116,1561384432000
1433,199.52843750000005,999,1561384433000
1434,199.52666666666667,1114,1561384434000
1435,199.51604615384616,1249,1561384435000
1436,199.50606666666667,107,1561384436000
1437,199.51266500000003,1276,1561384437000
1438,199.477510447761,5218,1561384438000
1439,199.48346153846154,660,1561384439000
1440,199.49859999999998,86,1561384440000
1441,199.5182352941177,964,1561384441000
1442,199.49846153846153,1000,1561384442000
1443,199.50497142857142,779,1561384443000
1444,199.499525,308,1561384444000
1445,199.48102,671,1561384445000
1446,199.4902285714286,2342,1561384446000
1447,199.5,1833,1561384447000
1448,199.51,400,1561384448000
1449,199.52651176470587,2782,1561384449000
1450,199.54002,237,1561384450000
1451,199.55641176470598,7860,1561384451000
1452,199.55983125,1701,1561384452000
1453,199.55155555555555,778,1561384453000
1454,199.54285714285714,463,1561384454000
1455,199.54053846153835,3918,1561384455000
1456,199.534,356,1561384456000
1457,199.5481333333333,364,1561384457000
1458,199.57139999999998,285,1561384458000
1459,199.57536923076924,1345,1561384459000
1460,199.54781666666668,602,1561384460000
1461,199.55,49,1561384461000
1462,199.5549111111111,1173,1561384462000
1463,199.56184166666662,687,1561384463000
1464,199.5775,270,1561384464000
1465,199.57,52,1561384465000
1466,199.58120000000002,118,1561384466000
1467,199.583,2,1561384467000
1468,199.59585121951233,2750,1561384468000
1469,199.6,1,1561384469000
1470,199.61453,628,1561384470000
1471,199.63368888888883,1271,1561384471000
1472,199.6399142857142,1836,1561384472000
1473,199.63666666666666,603,1561384473000
1474,199.66060000000002,8471,1561384474000
1475,199.65,617,1561384475000
1476,199.65,24,1561384476000
1477,199.6822722222222,1262,1561384477000
1478,199.68611111111116,565,1561384478000
1479,199.69144,304,1561384479000
1480,199.68999999999997,300,1561384480000
1481,199.68642857142854,1051,1561384481000
1482,199.70067368421056,1152,1561384482000
1483,199.68500000000003,315,1561384483000
1484,199.68803333333338,2640,1561384484000
1485,199.68,1,1561384485000
1486,199.65826086956523,3061,1561384486000
1487,199.66686363636364,970,1561384487000
1488,199.63,152,1561384488000
1489,199.6349,170,1561384489000
1490,199.63486666666665,173,1561384490000
1491,199.635,507,1561384491000
1492,199.65333333333334,121,1561384492000
1493,199.6664,135,1561384493000
1494,199.65999999999997,592,1561384494000
1495,199.66,200,1561384495000
1496,199.6616666666667,602,1561384496000
1497,199.67,100,1561384497000
1498,199.67199999999997,278,1561384498000
1499,199.673,842,1561384499000
1500,199.69321428571428,1088,1561384500000
1501,199.7074090909091,850,1561384501000
1502,199.75402499999998,1736,1561384502000
1503,199.77666666666667,310,1561384503000
1504,199.77665000000002,600,1561384504000
1505,199.77083333333334,686,1561384505000
1506,199.77582499999997,634,1561384506000
1507,199.76597999999998,249,1561384507000
1508,199.7813,469,1561384508000
1509,199.798625,1051,1561384509000
1510,199.79,110,1561384510000
1511,199.80602,100,1561384511000
1512,199.82098571428568,803,1561384512000
1513,199.82329999999996,263,1561384513000
1514,199.80564285714286,406,1561384514000
1515,199.80512500000003,410,1561384515000
1516,199.80835,833,1561384516000
1517,199.79003333333333,335,1561384517000
1518,199.79,100,1561384518000
1519,199.79857499999997,119,1561384519000
1520,199.79,400,1561384520000
1521,199.76946666666666,500,1561384521000
1522,199.76273333333333,403,1561384522000
1523,199.75,201,1561384523000
1524,199.7301,200,1561384524000
1525,199.7476333333333,1330,1561384525000
1526,199.75893333333332,142,1561384526000
1527,199.770875,608,1561384527000
1528,199.78,381,1561384528000
1529,199.7905571428571,452,1561384529000
1530,199.8214285714286,1888,1561384530000
1531,199.83333333333334,248,1561384531000
1532,199.81552499999998,1865,1561384532000
1533,199.84853999999999,2222,1561384533000
1534,199.8570666666667,229,1561384534000
1535,199.85084285714285,405,1561384535000
1536,199.83375000000004,945,1561384536000
1537,199.8156857142857,365,1561384537000
1538,199.81571428571425,782,1561384538000
1539,199.814,150,1561384539000
1540,199.8075,4100,1561384540000
1541,199.79444444444442,439,1561384541000
1542,199.79416666666665,561,1561384542000
1543,199.79,221,1561384543000
1544,199.73799999999991,9095,1561384544000
1545,199.73199999999997,981,1561384545000
1546,199.7618105263158,1122,1561384546000
1547,199.79649999999998,420,1561384547000
1548,199.80797222222222,1360,1561384548000
1549,199.82000000000002,327,1561384549000
1550,199.81866363636362,465,1561384550000
1551,199.81,75,1561384551000
1552,199.81599999999997,888,1561384552000
1553,199.79569999999998,314,1561384553000
1554,199.78166666666667,202,1561384554000
1555,199.77914545454544,733,1561384555000
1556,199.77,325,1561384556000
1557,199.7716,40,1561384557000
1558,199.77,100,1561384558000
1559,199.76395,700,1561384559000
1560,199.80500714285714,874,1561384560000
1561,199.83805,632,1561384561000
1562,199.8536875,1919,1561384562000
1563,199.8886,1,1561384563000
1564,199.8465833333333,862,1561384564000
1565,199.8427,130,1561384565000
1566,199.86333333333334,96,1561384566000
1567,199.87864,1040,1561384567000
1568,199.88222499999998,612,1561384568000
1569,199.87808571428573,795,1561384569000
1570,199.8914714285714,1131,1561384570000
1571,199.89661333333333,1090,1561384571000
1572,199.87317142857142,263,1561384572000
1573,199.895,1548,1561384573000
1574,199.8992,178,1561384574000
1575,199.891675,400,1561384575000
1576,199.90295294117647,2800,1561384576000
1577,199.9031,107,1561384577000
1578,199.8899133333334,1202,1561384578000
1579,199.90300000000002,651,1561384579000
1580,199.899625,339,1561384580000
1581,199.89538461538467,2173,1561384581000
1582,199.90687777777777,1979,1561384582000
1583,199.90946,550,1561384583000
1584,199.8962,275,1561384584000
1585,199.88250000000002,651,1561384585000
1586,199.86250000000004,445,1561384586000
1587,199.85124999999996,498,1561384587000
1588,199.86,100,1561384588000
1589,199.86,65,1561384589000
1590,199.84188125000003,1307,1561384590000
1591,199.83155000000002,1144,1561384591000
1592,199.83071999999999,401,1561384592000
1593,199.83,10,1561384593000
1594,199.84,6,1561384594000
1595,199.86,49,1561384595000
1596,199.8585,90,1561384596000
1597,199.8528727272727,566,1561384597000
1598,199.852,539,1561384598000
1599,199.8401,2900,1561384599000
1600,199.85545000000002,291,1561384600000
1601,199.8565,3,1561384601000
1602,199.846,410,1561384602000
1603,199.84684,450,1561384603000
1604,199.835,300,1561384604000
1605,199.8481,112,1561384605000
1606,199.83,300,1561384606000
1607,199.80880000000002,870,1561384607000
1608,199.77744,519,1561384608000
1609,199.76,150,1561384609000
1610,199.773275,3150,1561384610000
1611,199.76749999999998,200,1561384611000
1612,199.74008421052628,2781,1561384612000
1613,199.71,30,1561384613000
1614,199.7499,35,1561384614000
1615,199.73666666666668,201,1561384615000
1616,199.73,100,1561384616000
1617,199.735,5,1561384617000
1618,199.74,100,1561384618000
1619,199.744,410,1561384619000
1620,199.75005,6,1561384620000
1621,199.76857142857142,505,1561384621000
1622,199.78525,1856,1561384622000
1623,199.79333333333332,284,1561384623000
1624,199.79333333333338,102,1561384624000
1625,199.79665,429,1561384625000
1626,199.8,100,1561384626000
1627,199.79666666666665,320,1561384627000
1628,199.77973333333333,201,1561384628000
1629,199.77,64,1561384629000
1630,199.7822,286,1561384630000
1631,199.79695714285714,1000,1561384631000
1632,199.7885,738,1561384632000
1633,199.77755000000002,600,1561384633000
1634,199.77,120,1561384634000
1635,199.7875333333333,102,1561384635000
1636,199.79834999999997,127,1561384636000
1637,199.8181727272727,599,1561384637000
1638,199.81999999999996,600,1561384638000
1639,199.82999999999998,600,1561384639000
1640,199.83,554,1561384640000
1641,199.824,304,1561384641000
1642,199.82125000000002,296,1561384642000
1643,199.82363636363635,838,1561384643000
1644,199.815,349,1561384644000
1645,199.80377142857142,862,1561384645000
1646,199.8066666666667,340,1561384646000
1647,199.785,200,1561384647000
1648,199.80505,301,1561384648000
1649,199.82,145,1561384649000
1650,199.81415624999997,2298,1561384650000
1651,199.7628,101,1561384651000
1652,199.7959888888889,1212,1561384652000
1653,199.77844285714286,374,1561384653000
1654,199.78404285714285,850,1561384654000
1655,199.77942,426,1561384655000
1656,199.75186,612,1561384656000
1657,199.76744,154,1561384657000
1658,199.77195999999998,375,1561384658000
1659,199.7816,151,1561384659000
1660,199.77,400,1561384660000
1661,199.78,200,1561384661000
1662,199.79,52,1561384662000
1663,199.78500000000003,1149,1561384663000
1664,199.77875,599,1561384664000
1665,199.79591999999997,880,1561384665000
1666,199.79246,181,1561384666000
1667,199.793,167,1561384667000
1668,199.79,200,1561384668000
1669,199.79693749999998,976,1561384669000
1670,199.79,200,1561384670000
1671,199.78230769230774,1076,1561384671000
1672,199.78,813,1561384672000
1673,199.78882352941173,1401,1561384673000
1674,199.81,15,1561384674000
1675,199.8173,18,1561384675000
1676,199.81,18,1561384676000
1677,199.80667777777774,449,1561384677000
1678,199.79500000000002,108,1561384678000
1679,199.7872,20,1561384679000
1680,199.80177500000002,495,1561384680000
1681,199.80925499999995,1907,1561384681000
1682,199.79697,805,1561384682000
1683,199.76,300,1561384683000
1684,199.7418625,575,1561384684000
1685,199.732475,242,1561384685000
1686,199.66489999999982,3492,1561384686000
1687,199.62900555555555,2668,1561384687000
1688,199.631025,2838,1561384688000
1689,199.63997999999998,257,1561384689000
1690,199.63377499999999,138,1561384690000
1691,199.60478260869564,2529,1561384691000
1692,199.60675555555557,2687,1561384692000
1693,199.6292,50,1561384693000
1694,199.62,200,1561384694000
1695,199.60343529411762,1900,1561384695000
1696,199.59104444444444,2481,1561384696000
1697,199.5714848484849,4155,1561384697000
1698,199.55803333333333,266,1561384698000
1699,199.54649999999998,770,1561384699000
1700,199.54666666666665,116,1561384700000
1701,199.5310263157895,1361,1561384701000
1702,199.5064722222223,7677,1561384702000
1703,199.51601999999997,524,1561384703000
1704,199.51574285714287,795,1561384704000
1705,199.53370645161303,3231,1561384705000
1706,199.56652173913045,1465,1561384706000
1707,199.5494642857143,559,1561384707000
1708,199.5323076923077,2691,1561384708000
1709,199.53868749999998,275,1561384709000
1710,199.55161428571432,1752,1561384710000
1711,199.59111249999995,1780,1561384711000
1712,199.6196875,815,1561384712000
1713,199.659415,3354,1561384713000
1714,199.70999999999998,14,1561384714000
1715,199.70000000000002,402,1561384715000
1716,199.68403333333333,1044,1561384716000
1717,199.69833333333335,238,1561384717000
1718,199.72635,2843,1561384718000
1719,199.72251666666668,312,1561384719000
1720,199.70631578947362,983,1561384720000
1721,199.68857142857146,750,1561384721000
1722,199.69951,652,1561384722000
1723,199.743253488372,2979,1561384723000
1724,199.72738333333334,353,1561384724000
1725,199.73056000000003,615,1561384725000
1726,199.72,79,1561384726000
1727,199.722,292,1561384727000
1728,199.735,200,1561384728000
1729,199.73833333333334,515,1561384729000
1730,199.74495000000002,300,1561384730000
1731,199.73250000000002,480,1561384731000
1732,199.7375,146,1561384732000
1733,199.72462857142858,530,1561384733000
1734,199.72306,3300,1561384734000
1735,199.7125,500,1561384735000
1736,199.7025,203,1561384736000
1737,199.69638333333333,645,1561384737000
1738,199.72,301,1561384738000
1739,199.71,30,1561384739000
1740,199.725,100,1561384740000
1741,199.71571428571423,1474,1561384741000
1742,199.71125,345,1561384742000
1743,199.7043166666667,403,1561384743000
1744,199.67019999999997,2094,1561384744000
1745,199.65,101,1561384745000
1746,199.65000000000003,375,1561384746000
1747,199.65,100,1561384747000
1748,199.66200000000003,736,1561384748000
1749,199.68099999999998,328,1561384749000
1750,199.67207499999998,447,1561384750000
1751,199.67,100,1561384751000
1752,199.655,133,1561384752000
1753,199.64569999999998,65,1561384753000
1754,199.654,323,1561384754000
1755,199.64181818181817,862,1561384755000
1756,199.65,1,1561384756000
1757,199.6691,1900,1561384757000
1758,199.6601,1,1561384758000
1759,199.67000000000004,901,1561384759000
1760,199.67,400,1561384760000
1761,199.68,6,1561384761000
1762,199.6825,300,1561384762000
1763,199.67,202,1561384763000
1764,199.65,12,1561384764000
1765,199.64777777777783,651,1561384765000
1766,199.65547999999998,1130,1561384766000
1767,199.6501,307,1561384767000
1768,199.67,100,1561384768000
1769,199.665,200,1561384769000
1770,199.6614142857143,800,1561384770000
1771,199.66,100,1561384771000
1772,199.66,100,1561384772000
1773,199.65,100,1561384773000
1774,199.64,381,1561384774000
1775,199.6275,427,1561384775000
1776,199.61575000000002,3192,1561384776000
1777,199.60399999999998,149,1561384777000
1778,199.61125,202,1561384778000
1779,199.6,15,1561384779000
1780,199.59,49,1561384780000
1781,199.59333333333333,168,1561384781000
1782,199.5874875,1855,1561384782000
1783,199.57,2420,1561384783000
1784,199.55776666666665,633,1561384784000
1785,199.57962000000003,297,1561384785000
1786,199.58,100,1561384786000
1787,199.585,200,1561384787000
1788,199.584,407,1561384788000
1789,199.5741833333333,407,1561384789000
1790,199.55453333333335,409,1561384790000
1791,199.56217499999997,113,1561384791000
1792,199.56937499999995,529,1561384792000
1793,199.58274,1231,1561384793000
1794,199.599,252,1561384794000
1795,199.60000526315784,906,1561384795000
1796,199.61,600,1561384796000
1797,199.62249999999997,1222,1561384797000
1798,199.65194237288128,4223,1561384798000
1799,199.62521739130432,1591,1561384799000
1800,199.61,1842,1561384800000
1801,199.5646818181818,486,1561384801000
1802,199.55049999999997,357,1561384802000
1803,199.61250000000004,824,1561384803000
1804,199.64336666666668,1254,1561384804000
1805,199.64525999999998,487,1561384805000
1806,199.6694,1,1561384806000
1807,199.6400769230769,439,1561384807000
1808,199.61312777777778,3401,1561384808000
1809,199.6131,400,1561384809000
1810,199.62333333333333,201,1561384810000
1811,199.63,1,1561384811000
1812,199.63,99,1561384812000
1813,199.6357,105,1561384813000
1814,199.65002857142855,1461,1561384814000
1815,199.6778846153846,1130,1561384815000
1816,199.7,50,1561384816000
1817,199.6966666666667,408,1561384817000
1818,199.63544800000003,9727,1561384818000
1819,199.68528333333336,298,1561384819000
1820,199.7016888888889,871,1561384820000
1821,199.6979166666667,1580,1561384821000
1822,199.7,100,1561384822000
1823,199.70499999999998,20,1561384823000
1824,199.7046,50,1561384824000
1825,199.69916666666666,977,1561384825000
1826,199.71,246,1561384826000
1827,199.716,724,1561384827000
1828,199.7433,1053,1561384828000
1829,199.74,51,1561384829000
1830,199.7401,1,1561384830000
1831,199.75000714285716,958,1561384831000
1832,199.75233333333333,2156,1561384832000
1833,199.7537,150,1561384833000
1834,199.76333333333332,300,1561384834000
1835,199.76807692307693,1976,1561384835000
1836,199.77100000000002,129,1561384836000
1837,199.7775,100,1561384837000
1838,199.7741,15,1561384838000
1839,199.77052105263155,1722,1561384839000
1840,199.775,114,1561384840000
1841,199.76825,1244,1561384841000
1842,199.77005000000003,200,1561384842000
1843,199.76694,275,1561384843000
1844,199.77,100,1561384844000
1845,199.77,400,1561384845000
1846,199.76407,815,1561384846000
1847,199.77,101,1561384847000
1848,199.7704,250,1561384848000
1849,199.75475,2749,1561384849000
1850,199.73111666666662,2900,1561384850000
1851,199.72775714285717,900,1561384851000
1852,199.71,15,1561384852000
1853,199.71672857142858,509,1561384853000
1854,199.71,100,1561384854000
1855,199.69333125,3280,1561384855000
1856,199.66,100,1561384856000
1857,199.66000000000003,652,1561384857000
1858,199.6575,200,1561384858000
1859,199.6714285714286,1483,1561384859000
1860,199.67798148148154,2210,1561384860000
1861,199.6814285714286,900,1561384861000
1862,199.677,204,1561384862000
1863,199.67925000000002,210,1561384863000
1864,199.68719375,1201,1561384864000
1865,199.68944545454542,3941,1561384865000
1866,199.68812500000004,607,1561384866000
1867,199.68001000000004,603,1561384867000
1868,199.6833333333333,110,1561384868000
1869,199.67999999999998,215,1561384869000
1870,199.67068000000003,829,1561384870000
1871,199.66959999999997,341,1561384871000
1872,199.6679,51,1561384872000
1873,199.67000000000002,195,1561384873000
1874,199.67300000000006,1408,1561384874000
1875,199.68725833333323,2314,1561384875000
1876,199.66558139534874,3338,1561384876000
1877,199.67056666666667,1153,1561384877000
1878,199.68073809523818,3141,1561384878000
1879,199.6721428571429,537,1561384879000
1880,199.68142857142854,552,1561384880000
1881,199.68700000000004,298,1561384881000
1882,199.69806363636368,570,1561384882000
1883,199.70066666666668,844,1561384883000
1884,199.68071428571426,5438,1561384884000
1885,199.69,401,1561384885000
1886,199.69,1,1561384886000
1887,199.68600000000004,582,1561384887000
1888,199.67800000000003,245,1561384888000
1889,199.73482857142838,12751,1561384889000
1890,199.7228571428572,2164,1561384890000
1891,199.75585000000004,1410,1561384891000
1892,199.73107142857143,1001,1561384892000
1893,199.74519047619046,1157,1561384893000
1894,199.74370000000002,1126,1561384894000
1895,199.73,91,1561384895000
1896,199.7308857142857,788,1561384896000
1897,199.72416666666663,605,1561384897000
1898,199.7144,244,1561384898000
1899,199.70054999999996,1628,1561384899000
1900,199.68943333333334,103,1561384900000
1901,199.715,100,1561384901000
1902,199.70550000000003,745,1561384902000
1903,199.68375000000003,280,1561384903000
1904,199.66422307692307,522,1561384904000
1905,199.66174999999998,165,1561384905000
1906,199.66502499999999,202,1561384906000
1907,199.69968181818183,1800,1561384907000
1908,199.68804285714288,1403,1561384908000
1909,199.68875,2,1561384909000
1910,199.69,200,1561384910000
1911,199.69001666666668,402,1561384911000
1912,199.69001111111115,634,1561384912000
1913,199.66765999999998,1252,1561384913000
1914,199.64686842105263,2857,1561384914000
1915,199.625,143,1561384915000
1916,199.628,345,1561384916000
1917,199.62867999999997,425,1561384917000
1918,199.63833333333332,541,1561384918000
1919,199.65150000000003,701,1561384919000
1920,199.68475384615385,569,1561384920000
1921,199.70560000000003,277,1561384921000
1922,199.71578125,1063,1561384922000
1923,199.73937500000002,481,1561384923000
1924,199.74333333333334,201,1561384924000
1925,199.75,996,1561384925000
1926,199.73223499999992,1437,1561384926000
1927,199.722625,341,1561384927000
1928,199.7202,2,1561384928000
1929,199.72,411,1561384929000
1930,199.7267,330,1561384930000
1931,199.72629999999998,179,1561384931000
1932,199.70376250000004,1063,1561384932000
1933,199.6687,366,1561384933000
1934,199.6615,800,1561384934000
1935,199.67313333333334,553,1561384935000
1936,199.65857142857143,329,1561384936000
1937,199.62833333333333,305,1561384937000
1938,199.6425,531,1561384938000
1939,199.67,225,1561384939000
1940,199.68,100,1561384940000
1941,199.68000000000004,700,1561384941000
1942,199.67333333333332,220,1561384942000
1943,199.674925,127,1561384943000
1944,199.68,87,1561384944000
1945,199.69250000000002,433,1561384945000
1946,199.72722222222217,2265,1561384946000
1947,199.7735657894739,7521,1561384947000
1948,199.75875,525,1561384948000
1949,199.755,100,1561384949000
1950,199.7669,896,1561384950000
1951,199.75939444444444,1553,1561384951000
1952,199.78467272727275,954,1561384952000
1953,199.7885,743,1561384953000
1954,199.79462162162167,3786,1561384954000
1955,199.77500909090907,303,1561384955000
1956,199.75444444444443,1699,1561384956000
1957,199.755,350,1561384957000
1958,199.76,300,1561384958000
1959,199.76,200,1561384959000
1960,199.75375,643,1561384960000
1961,199.753125,607,1561384961000
1962,199.71763513513514,5349,1561384962000
1963,199.71454000000003,2400,1561384963000
1964,199.70499999999993,2214,1561384964000
1965,199.67839500000002,1253,1561384965000
1966,199.65,3,1561384966000
1967,199.658025,306,1561384967000
1968,199.65517499999999,400,1561384968000
1969,199.65295384615385,779,1561384969000
1970,199.65720714285717,1092,1561384970000
1971,199.6649666666667,235,1561384971000
1972,199.6561,3000,1561384972000
1973,199.6575,244,1561384973000
1974,199.64885,716,1561384974000
1975,199.65411764705883,1607,1561384975000
1976,199.6475,302,1561384976000
1977,199.6485,400,1561384977000
1978,199.62962857142855,535,1561384978000
1979,199.618,450,1561384979000
1980,199.61547142857145,334,1561384980000
1981,199.600075,114,1561384981000
1982,199.61200000000002,325,1561384982000
1983,199.61785555555556,1965,1561384983000
1984,199.6304593750001,3851,1561384984000
1985,199.65035384615388,2896,1561384985000
1986,199.66529411764705,1860,1561384986000
1987,199.665,350,1561384987000
1988,199.66718000000003,1947,1561384988000
1989,199.67870000000002,1004,1561384989000
1990,199.66297500000002,752,1561384990000
1991,199.65305,101,1561384991000
1992,199.663125,543,1561384992000
1993,199.65550000000005,820,1561384993000
1994,199.65,1049,1561384994000
1995,199.65,258,1561384995000
1996,199.65928571428572,422,1561384996000
1997,199.66,122,1561384997000
1998,199.65666666666667,200,1561384998000
1999,199.64315,432,1561384999000
2000,199.64,100,1561385000000
2001,199.66500000000005,1155,1561385001000
2002,199.688,829,1561385002000
2003,199.69000000000003,186,1561385003000
2004,199.7075,209,1561385004000
2005,199.71,92,1561385005000
2006,199.71310000000003,2473,1561385006000
2007,199.7,102,1561385007000
2008,199.71,100,1561385008000
2009,199.68928571428572,1729,1561385009000
2010,199.67666666666665,201,1561385010000
2011,199.68125,2014,1561385011000
2012,199.69126666666668,226,1561385012000
2013,199.69062500000004,220,1561385013000
2014,199.7,100,1561385014000
2015,199.68406250000004,1535,1561385015000
2016,199.67485,20,1561385016000
2017,199.67833333333337,603,1561385017000
2018,199.67139999999995,1729,1561385018000
2019,199.626375,452,1561385019000
2020,199.6171,150,1561385020000
2021,199.62387777777778,422,1561385021000
2022,199.615,200,1561385022000
2023,199.60761666666667,275,1561385023000
2024,199.61666666666667,104,1561385024000
2025,199.605,100,1561385025000
2026,199.61999999999998,1098,1561385026000
2027,199.62666666666667,300,1561385027000
2028,199.64,200,1561385028000
2029,199.64142857142858,2346,1561385029000
2030,199.63466000000005,1287,1561385030000
2031,199.6273,325,1561385031000
2032,199.6475,598,1561385032000
2033,199.64893571428576,1114,1561385033000
2034,199.6655,515,1561385034000
2035,199.67785454545458,1576,1561385035000
2036,199.67062499999997,301,1561385036000
2037,199.662,200,1561385037000
2038,199.67683333333335,362,1561385038000
2039,199.6798166666667,221,1561385039000
2040,199.6898,19,1561385040000
2041,199.7265606557376,10341,1561385041000
2042,199.6658823529412,1408,1561385042000
2043,199.65570000000002,480,1561385043000
2044,199.63799999999998,530,1561385044000
2045,199.64,106,1561385045000
2046,199.63965,232,1561385046000
2047,199.62467142857142,278,1561385047000
2048,199.6175,231,1561385048000
2049,199.59101363636364,2807,1561385049000
2050,199.54569411764706,812,1561385050000
2051,199.53514666666663,714,1561385051000
2052,199.5553222222222,4640,1561385052000
2053,199.58087250000005,2629,1561385053000
2054,199.59,1,1561385054000
2055,199.59165,1583,1561385055000
2056,199.59184,212,1561385056000
2057,199.5874,1791,1561385057000
2058,199.61299999999997,573,1561385058000
2059,199.6178833333333,653,1561385059000
2060,199.62,330,1561385060000
2061,199.6212416666666,1147,1561385061000
2062,199.62,100,1561385062000
2063,199.61348,2204,1561385063000
2064,199.607,46,1561385064000
2065,199.62116666666668,220,1561385065000
2066,199.63266363636367,2847,1561385066000
2067,199.63938124999993,1180,1561385067000
2068,199.64681666666664,1053,1561385068000
2069,199.66796923076924,1398,1561385069000
2070,199.68061250000005,702,1561385070000
2071,199.67555555555558,333,1561385071000
2072,199.65323999999998,219,1561385072000
2073,199.65919999999997,525,1561385073000
2074,199.64706666666666,236,1561385074000
2075,199.656125,202,1561385075000
2076,199.6599666666667,142,1561385076000
2077,199.66320000000002,514,1561385077000
2078,199.67,8,1561385078000
2079,199.682,18,1561385079000
2080,199.68200000000002,200,1561385080000
2081,199.68538461538463,752,1561385081000
2082,199.69150000000002,110,1561385082000
2083,199.69695000000002,17,1561385083000
2084,199.68852857142858,753,1561385084000
2085,199.665,231,1561385085000
2086,199.6899,3,1561385086000
2087,199.69091666666668,876,1561385087000
2088,199.69332631578942,2246,1561385088000
2089,199.66499090909093,371,1561385089000
2090,199.67737272727274,753,1561385090000
2091,199.6957142857143,766,1561385091000
2092,199.7,100,1561385092000
2093,199.6901,106,1561385093000
2094,199.7,100,1561385094000
2095,199.7,200,1561385095000
2096,199.69925,155,1561385096000
2097,199.70002,235,1561385097000
2098,199.701825,98,1561385098000
2099,199.70336666666665,210,1561385099000
2100,199.7141333333333,1101,1561385100000
2101,199.73416666666665,959,1561385101000
2102,199.74311428571428,740,1561385102000
2103,199.7243857142857,2305,1561385103000
2104,199.73051428571426,764,1561385104000
2105,199.72492857142856,520,1561385105000
2106,199.73768695652174,2263,1561385106000
2107,199.73114999999999,595,1561385107000
2108,199.73663333333334,216,1561385108000
2109,199.74906153846152,996,1561385109000
2110,199.75783333333334,210,1561385110000
2111,199.75336666666666,155,1561385111000
2112,199.75833333333333,300,1561385112000
2113,199.75013333333334,459,1561385113000
2114,199.75913333333332,637,1561385114000
2115,199.76090909090908,848,1561385115000
2116,199.76855,216,1561385116000
2117,199.76111428571429,702,1561385117000
2118,199.75,508,1561385118000
2119,199.73127826086946,4748,1561385119000
2120,199.73,100,1561385120000
2121,199.725,31,1561385121000
2122,199.73,100,1561385122000
2123,199.71393750000001,933,1561385123000
2124,199.69,150,1561385124000
2125,199.69236666666666,22,1561385125000
2126,199.7099,2,1561385126000
2127,199.71495,101,1561385127000
2128,199.71954545454545,603,1561385128000
2129,199.71505000000002,202,1561385129000
2130,199.7201,3,1561385130000
2131,199.73,200,1561385131000
2132,199.74333333333334,528,1561385132000
2133,199.75209999999998,252,1561385133000
2134,199.778,181,1561385134000
2135,199.80261904761903,2531,1561385135000
2136,199.81052499999996,1338,1561385136000
2137,199.81709999999998,210,1561385137000
2138,199.82236842105257,1450,1561385138000
2139,199.8242,216,1561385139000
2140,199.83068333333335,726,1561385140000
2141,199.83138000000002,718,1561385141000
2142,199.83666666666667,240,1561385142000
2143,199.83585999999997,1301,1561385143000
2144,199.84741666666665,1745,1561385144000
2145,199.84409999999997,1139,1561385145000
2146,199.827825,694,1561385146000
2147,199.81598333333332,327,1561385147000
2148,199.80871666666664,414,1561385148000
2149,199.82874999999999,749,1561385149000
2150,199.82333333333335,352,1561385150000
2151,199.82046153846156,1018,1561385151000
2152,199.83,290,1561385152000
2153,199.8572333333334,751,1561385153000
2154,199.8585,20,1561385154000
2155,199.87,326,1561385155000
2156,199.87883333333332,77,1561385156000
2157,199.86927857142857,1070,1561385157000
2158,199.86333333333334,304,1561385158000
2159,199.89106170212747,10450,1561385159000
2160,199.86833333333334,374,1561385160000
2161,199.8761538461539,1201,1561385161000
2162,199.8715,110,1561385162000
2163,199.88,135,1561385163000
2164,199.88,109,1561385164000
2165,199.86118000000002,1627,1561385165000
2166,199.85,337,1561385166000
2167,199.85,6,1561385167000
2168,199.86536923076923,1428,1561385168000
2169,199.8835,1902,1561385169000
2170,199.86374999999998,713,1561385170000
2171,199.83429999999998,608,1561385171000
2172,199.82676666666669,231,1561385172000
2173,199.83336666666665,30,1561385173000
2174,199.82596,1167,1561385174000
2175,199.82200000000003,1958,1561385175000
2176,199.83,100,1561385176000
2177,199.8251909090909,566,1561385177000
2178,199.82,28,1561385178000
2179,199.83874999999998,499,1561385179000
2180,199.82104999999999,2139,1561385180000
2181,199.81,130,1561385181000
2182,199.78625454545454,365,1561385182000
2183,199.7926,107,1561385183000
2184,199.76940416666673,1489,1561385184000
2185,199.76352,2174,1561385185000
2186,199.76163333333332,240,1561385186000
2187,199.7590909090909,1376,1561385187000
2188,199.756,1210,1561385188000
2189,199.76125833333333,775,1561385189000
2190,199.77049090909094,1136,1561385190000
2191,199.777575,293,1561385191000
2192,199.77745,800,1561385192000
2193,199.78857142857143,1130,1561385193000
2194,199.81,49,1561385194000
2195,199.81,100,1561385195000
2196,199.8199,100,1561385196000
2197,199.8101,100,1561385197000
2198,199.81142857142854,1051,1561385198000
2199,199.808,15,1561385199000
2200,199.80000000000004,400,1561385200000
2201,199.79,21,1561385201000
2202,199.79455454545453,1430,1561385202000
2203,199.79999411764706,1404,1561385203000
2204,199.8244,216,1561385204000
2205,199.82941176470584,2093,1561385205000
2206,199.82333333333335,142,1561385206000
2207,199.83817499999998,430,1561385207000
2208,199.83,99,1561385208000
2209,199.82676666666669,111,1561385209000
2210,199.82074999999998,85,1561385210000
2211,199.82045,124,1561385211000
2212,199.82902,347,1561385212000
2213,199.85,100,1561385213000
2214,199.86,64,1561385214000
2215,199.85216666666668,4,1561385215000
2216,199.85854285714285,2452,1561385216000
2217,199.85333333333335,102,1561385217000
2218,199.85505,5,1561385218000
2219,199.868,295,1561385219000
2220,199.857525,231,1561385220000
2221,199.85625,226,1561385221000
2222,199.87,189,1561385222000
2223,199.8667,135,1561385223000
2224,199.87165000000002,716,1561385224000
2225,199.86200000000002,300,1561385225000
2226,199.85985,35,1561385226000
2227,199.86,100,1561385227000
2228,199.85848108108095,2885,1561385228000
2229,199.8599,1,1561385229000
2230,199.85,100,1561385230000
2231,199.85054999999997,1259,1561385231000
2232,199.85,100,1561385232000
2233,199.85,100,1561385233000
2234,199.854,159,1561385234000
2235,199.85125,150,1561385235000
2236,199.86,715,1561385236000
2237,199.8519,10,1561385237000
2238,199.85750000000002,12,1561385238000
2239,199.85227499999996,1282,1561385239000
2240,199.8515,4,1561385240000
2241,199.84890625,2987,1561385241000
2242,199.81,100,1561385242000
2243,199.8128,5,1561385243000
2244,199.815,60,1561385244000
2245,199.82,14,1561385245000
2246,199.8197,1900,1561385246000
2247,199.811,759,1561385247000
2248,199.8,3,1561385248000
2249,199.80445,106,1561385249000
2250,199.80941176470586,1383,1561385250000
2251,199.79857142857142,432,1561385251000
2252,199.8045,990,1561385252000
2253,199.81000000000003,408,1561385253000
2254,199.828125,434,1561385254000
2255,199.85122187499994,1755,1561385255000
2256,199.87293333333332,1089,1561385256000
2257,199.88,374,1561385257000
2258,199.89133333333334,326,1561385258000
2259,199.89946666666665,400,1561385259000
2260,199.90407647058825,4037,1561385260000
2261,199.91510000000002,379,1561385261000
2262,199.9066555555556,422,1561385262000
2263,199.893,1350,1561385263000
2264,199.90312916666664,4152,1561385264000
2265,199.91875000000002,1112,1561385265000
2266,199.92,50,1561385266000
2267,199.92833333333337,434,1561385267000
2268,199.9298545454546,424,1561385268000
2269,199.9157142857143,734,1561385269000
2270,199.90099999999998,398,1561385270000
2271,199.915,200,1561385271000
2272,199.92785714285714,1130,1561385272000
2273,199.92831111111116,470,1561385273000
2274,199.9335125,272,1561385274000
2275,199.93921379310333,3598,1561385275000
2276,199.938175,353,1561385276000
2277,199.96653829787226,4076,1561385277000
2278,200.0121781199345,56229,1561385278000
2279,200.02150270270263,8139,1561385279000
2280,199.9927205882351,2134,1561385280000
2281,199.97323846153847,1438,1561385281000
2282,199.9687625,1560,1561385282000
2283,199.94755757575754,4302,1561385283000
2284,199.98932857142856,320,1561385284000
2285,199.98690000000002,159,1561385285000
2286,199.99176470588233,2374,1561385286000
2287,200.00486818181827,2769,1561385287000
2288,200.00787142857143,650,1561385288000
2289,200.02444,1056,1561385289000
2290,200.03177499999998,585,1561385290000
2291,200.01605,11,1561385291000
2292,200.03375999999997,140,1561385292000
2293,200.02443999999997,135,1561385293000
2294,200.02753750000002,367,1561385294000
2295,200.025375,390,1561385295000
2296,200.00294117647059,924,1561385296000
2297,200.0067,517,1561385297000
2298,200.00054500000002,772,1561385298000
2299,200.0199,1,1561385299000
2300,200.02301000000006,1439,1561385300000
2301,200.04540000000003,1390,1561385301000
2302,200.03271999999998,1100,1561385302000
2303,200.01958,1864,1561385303000
2304,200.01912222222222,1613,1561385304000
2305,200.0281909090909,1410,1561385305000
2306,200.03262666666666,4581,1561385306000
2307,200.056875,2048,1561385307000
2308,200.04990434782607,1591,1561385308000
2309,200.050940625,2649,1561385309000
2310,200.0757888888889,666,1561385310000
2311,200.06333333333336,210,1561385311000
2312,200.06913333333333,250,1561385312000
2313,200.0707571428571,679,1561385313000
2314,200.07124999999996,92,1561385314000
2315,200.07090000000002,77,1561385315000
2316,200.07967333333332,2746,1561385316000
2317,200.12880689655196,24230,1561385317000
2318,200.0831325,3787,1561385318000
2319,200.07812499999994,3979,1561385319000
2320,200.08853333333332,484,1561385320000
2321,200.10170909090905,606,1561385321000
2322,200.10997500000002,128,1561385322000
2323,200.10185,503,1561385323000
2324,200.09802222222226,305,1561385324000
2325,200.11430769230765,1022,1561385325000
2326,200.135,750,1561385326000
2327,200.1261,3004,1561385327000
2328,200.1398,100,1561385328000
2329,200.13321111111114,451,1561385329000
2330,200.12044999999992,1191,1561385330000
2331,200.12380714285717,1100,1561385331000
2332,200.1248,250,1561385332000
2333,200.12,221,1561385333000
2334,200.1205,2010,1561385334000
2335,200.12,239,1561385335000
2336,200.10909375000006,3615,1561385336000
2337,200.08294545454547,2041,1561385337000
2338,200.08,1500,1561385338000
2339,200.0734692307692,927,1561385339000
2340,200.0791304347826,1080,1561385340000
2341,200.0659526315789,1736,1561385341000
2342,200.06495,104,1561385342000
2343,200.05,550,1561385343000
2344,200.03701999999998,303,1561385344000
2345,200.02705,2545,1561385345000
2346,200.025,102,1561385346000
2347,200.00768571428574,1973,1561385347000
2348,200.015,532,1561385348000
2349,200.02743125000006,2928,1561385349000
2350,200.00367599999998,3295,1561385350000
2351,200.0095,711,1561385351000
2352,200.01624999999999,2187,1561385352000
2353,200.01350000000002,109,1561385353000
2354,200.013725,325,1561385354000
2355,199.99764705882347,3987,1561385355000
2356,199.98675000000003,152,1561385356000
2357,199.99506666666665,146,1561385357000
2358,199.99737142857143,986,1561385358000
2359,200.01,1,1561385359000
2360,200.0154533333333,1438,1561385360000
2361,200.0111111111111,385,1561385361000
2362,199.994975,610,1561385362000
2363,199.9923,200,1561385363000
2364,200.0173266666667,752,1561385364000
2365,200.04311,484,1561385365000
2366,200.05333333333337,105,1561385366000
2367,200.05624999999998,453,1561385367000
2368,200.03976,2589,1561385368000
2369,200.03008333333332,600,1561385369000
2370,200.04778888888887,495,1561385370000
2371,200.05237499999998,328,1561385371000
2372,200.0437,300,1561385372000
2373,200.0386,1108,1561385373000
2374,200.03663333333333,2336,1561385374000
2375,200.03106428571434,409,1561385375000
2376,200.02,10,1561385376000
2377,200.0283,90,1561385377000
2378,200.04,100,1561385378000
2379,200.0299,250,1561385379000
2380,200.03,316,1561385380000
2381,200.0201,500,1561385381000
2382,200.01527777777778,1346,1561385382000
2383,200.00923333333333,59,1561385383000
2384,200.00400000000002,7,1561385384000
2385,200.02082592592595,2343,1561385385000
2386,200.0225,200,1561385386000
2387,200.00874000000002,966,1561385387000
2388,199.94956521739135,3412,1561385388000
2389,199.94,100,1561385389000
2390,199.94400000000002,56,1561385390000
2391,199.95017931034477,1471,1561385391000
2392,199.96088333333333,502,1561385392000
2393,199.976,406,1561385393000
2394,199.97071250000002,1592,1561385394000
2395,199.97075555555557,1500,1561385395000
2396,199.971325,679,1561385396000
2397,199.97916666666666,87,1561385397000
2398,199.98,99,1561385398000
2399,199.988,377,1561385399000
2400,199.9901,4,1561385400000
2401,200.01500000000001,2509,1561385401000
2402,200.01010000000002,433,1561385402000
2403,200.0101,6,1561385403000
2404,200.03,100,1561385404000
2405,200.03,67,1561385405000
2406,200.04713333333333,368,1561385406000
2407,200.05,4,1561385407000
2408,200.04500000000002,101,1561385408000
2409,200.0625,215,1561385409000
2410,200.0501,2,1561385410000
2411,200.06555555555553,459,1561385411000
2412,200.0699,112,1561385412000
2413,200.07,2,1561385413000
2414,200.05999999999997,411,1561385414000
2415,200.06644,1209,1561385415000
2416,200.06023846153846,588,1561385416000
2417,200.03565,3010,1561385417000
2418,200.0331,2,1561385418000
2419,200.03666666666666,60,1561385419000
2420,200.04390909090915,2012,1561385420000
2421,200.06187333333347,2511,1561385421000
2422,200.0536,1161,1561385422000
2423,200.025,300,1561385423000
2424,200.02445555555556,476,1561385424000
2425,200.0215,664,1561385425000
2426,200.01657894736843,1109,1561385426000
2427,200.01008,860,1561385427000
2428,200.0047,215,1561385428000
2429,200.01,41,1561385429000
2430,200.01125,156,1561385430000
2431,200.0199,1,1561385431000
2432,200.01917500000002,1150,1561385432000
2433,200.02,100,1561385433000
2434,200.01400000000007,1305,1561385434000
2435,200.0199,1,1561385435000
2436,200.0019,16,1561385436000
2437,200.0,100,1561385437000
2438,200.0,10,1561385438000
2439,199.99053333333333,332,1561385439000
2440,200.00005,600,1561385440000
2441,200.01370000000003,607,1561385441000
2442,199.9995238095238,1106,1561385442000
2443,199.97,226,1561385443000
2444,199.95875,701,1561385444000
2445,199.95995,80,1561385445000
2446,199.96,100,1561385446000
2447,199.96,200,1561385447000
2448,199.97422857142865,2403,1561385448000
2449,199.94411764705885,525,1561385449000
2450,199.94,100,1561385450000
2451,199.9399,100,1561385451000
2452,199.95,558,1561385452000
2453,199.94,70,1561385453000
2454,199.94444444444446,541,1561385454000
2455,199.95006666666666,100,1561385455000
2456,199.96,300,1561385456000
2457,199.93326727272733,4691,1561385457000
2458,199.94490000000002,201,1561385458000
2459,199.94493333333335,94,1561385459000
2460,199.94899999999998,1019,1561385460000
2461,199.94683999999998,322,1561385461000
2462,199.94999999999996,298,1561385462000
2463,199.94536153846153,709,1561385463000
2464,199.94000000000003,538,1561385464000
2465,199.92867499999997,900,1561385465000
2466,199.91071666666664,313,1561385466000
2467,199.89142857142852,1514,1561385467000
2468,199.8831,300,1561385468000
2469,199.8990272727273,938,1561385469000
2470,199.91,203,1561385470000
2471,199.91,72,1561385471000
2472,199.91153333333335,731,1561385472000
2473,199.92143749999997,4600,1561385473000
2474,199.94001666666668,303,1561385474000
2475,199.94085,103,1561385475000
2476,199.92541666666668,366,1561385476000
2477,199.90665,81,1561385477000
2478,199.91,56,1561385478000
2479,199.90927142857143,405,1561385479000
2480,199.91,140,1561385480000
2481,199.91,100,1561385481000
2482,199.90766153846155,698,1561385482000
2483,199.90982857142856,344,1561385483000
2484,199.91,18,1561385484000
2485,199.89459999999994,816,1561385485000
2486,199.87333333333333,372,1561385486000
2487,199.8698,11,1561385487000
2488,199.88004999999998,395,1561385488000
2489,199.889125,5591,1561385489000
2490,199.88916666666668,57,1561385490000
2491,199.9,50,1561385491000
2492,199.88,216,1561385492000
2493,199.9,50,1561385493000
2494,199.9,250,1561385494000
2495,199.88714285714286,952,1561385495000
2496,199.88982307692305,1071,1561385496000
2497,199.91202000000004,731,1561385497000
2498,199.92333333333332,288,1561385498000
2499,199.93133333333336,249,1561385499000
2500,199.95666666666668,856,1561385500000
2501,199.95079999999993,897,1561385501000
2502,199.935,200,1561385502000
2503,199.9219181818182,626,1561385503000
2504,199.91312499999998,103,1561385504000
2505,199.92206666666667,81,1561385505000
2506,199.92329999999998,175,1561385506000
2507,199.92424999999997,163,1561385507000
2508,199.918125,548,1561385508000
2509,199.9,100,1561385509000
2510,199.8983333333333,621,1561385510000
2511,199.88,47,1561385511000
2512,199.88456666666664,1100,1561385512000
2513,199.8863,25,1561385513000
2514,199.87,100,1561385514000
2515,199.86321052631584,831,1561385515000
2516,199.87,100,1561385516000
2517,199.87545454545455,926,1561385517000
2518,199.87004444444443,632,1561385518000
2519,199.865,110,1561385519000
2520,199.87,25,1561385520000
2521,199.87,200,1561385521000
2522,199.8690333333333,1209,1561385522000
2523,199.87041666666667,347,1561385523000
2524,199.87526,185,1561385524000
2525,199.89125483870959,4231,1561385525000
2526,199.89,275,1561385526000
2527,199.91383333333337,1252,1561385527000
2528,199.908,203,1561385528000
2529,199.894,10,1561385529000
2530,199.91,100,1561385530000
2531,199.9036,14,1561385531000
2532,199.91,100,1561385532000
2533,199.9125,409,1561385533000
2534,199.9033,67,1561385534000
2535,199.90483333333336,527,1561385535000
2536,199.9006,35,1561385536000
2537,199.9007142857143,441,1561385537000
2538,199.88877142857146,208,1561385538000
2539,199.895,200,1561385539000
2540,199.90375000000006,828,1561385540000
2541,199.9089,160,1561385541000
2542,199.9,59,1561385542000
2543,199.902,10,1561385543000
2544,199.90351250000003,500,1561385544000
2545,199.88,100,1561385545000
2546,199.8786454545455,863,1561385546000
2547,199.877,1242,1561385547000
2548,199.87903333333335,225,1561385548000
2549,199.89,289,1561385549000
2550,199.9,100,1561385550000
2551,199.8991666666667,752,1561385551000
2552,199.9,275,1561385552000
2553,199.89999999999998,134,1561385553000
2554,199.91888888888892,616,1561385554000
2555,199.91913333333332,484,1561385555000
2556,199.92,100,1561385556000
2557,199.9251,1000,1561385557000
2558,199.92913333333334,600,1561385558000
2559,199.93,726,1561385559000
2560,199.93,139,1561385560000
2561,199.92221111111112,540,1561385561000
2562,199.9165,5,1561385562000
2563,199.90802,218,1561385563000
2564,199.91779999999997,44,1561385564000
2565,199.9145,60,1561385565000
2566,199.91,100,1561385566000
2567,199.91,100,1561385567000
2568,199.9073,185,1561385568000
2569,199.9,100,1561385569000
2570,199.9,639,1561385570000
2571,199.885325,520,1561385571000
2572,199.876,198,1561385572000
2573,199.869,601,1561385573000
2574,199.87064,466,1561385574000
2575,199.86505,6,1561385575000
2576,199.8761,2,1561385576000
2577,199.87,100,1561385577000
2578,199.87,36,1561385578000
2579,199.85571428571424,1275,1561385579000
2580,199.86,100,1561385580000
2581,199.86715714285717,701,1561385581000
2582,199.8793,860,1561385582000
2583,199.8727,1,1561385583000
2584,199.874,1309,1561385584000
2585,199.879,652,1561385585000
2586,199.8808333333333,460,1561385586000
2587,199.88777777777776,950,1561385587000
2588,199.88154,136,1561385588000
2589,199.89,1,1561385589000
2590,199.87,38,1561385590000
2591,199.8875,304,1561385591000
2592,199.88546666666664,164,1561385592000
2593,199.89,561,1561385593000
2594,199.89,325,1561385594000
2595,199.87969230769235,1007,1561385595000
2596,199.8701,500,1561385596000
2597,199.86379285714287,830,1561385597000
2598,199.86,300,1561385598000
2599,199.8638,26,1561385599000
2600,199.86505,126,1561385600000
2601,199.8708333333333,366,1561385601000
2602,199.875,50,1561385602000
2603,199.875,1004,1561385603000
2604,199.88,100,1561385604000
2605,199.8833333333333,781,1561385605000
2606,199.9025333333333,580,1561385606000
2607,199.910748,1700,1561385607000
2608,199.89,65,1561385608000
2609,199.89005,1000,1561385609000
2610,199.89,388,1561385610000
2611,199.88433333333333,210,1561385611000
2612,199.89,50,1561385612000
2613,199.89,3,1561385613000
2614,199.89,10,1561385614000
2615,199.89544545454547,579,1561385615000
2616,199.92,100,1561385616000
2617,199.92,1,1561385617000
2618,199.93,100,1561385618000
2619,199.935,338,1561385619000
2620,199.93207142857145,503,1561385620000
2621,199.91333333333333,90,1561385621000
2622,199.90666666666667,514,1561385622000
2623,199.9,150,1561385623000
2624,199.9062,50,1561385624000
2625,199.905,100,1561385625000
2626,199.9062,8,1561385626000
2627,199.89144285714286,1742,1561385627000
2628,199.88312857142859,986,1561385628000
2629,199.8977777777778,600,1561385629000
2630,199.90395,1600,1561385630000
2631,199.9,302,1561385631000
2632,199.91,34,1561385632000
2633,199.91,166,1561385633000
2634,199.92199999999997,336,1561385634000
2635,199.91135,20,1561385635000
2636,199.92499999999998,305,1561385636000
2637,199.90494999999999,6,1561385637000
2638,199.9,268,1561385638000
2639,199.90906666666663,301,1561385639000
2640,199.92,15,1561385640000
2641,199.92,24,1561385641000
2642,199.92,201,1561385642000
2643,199.9399,1,1561385643000
2644,199.9383,20,1561385644000
2645,199.935,100,1561385645000
2646,199.9312416666667,809,1561385646000
2647,199.912475,964,1561385647000
2648,199.89642999999998,917,1561385648000
2649,199.93230769230772,732,1561385649000
2650,199.93,100,1561385650000
2651,199.93,118,1561385651000
2652,199.93,71,1561385652000
2653,199.927875,104,1561385653000
2654,199.93495000000001,101,1561385654000
2655,199.94125000000003,250,1561385655000
2656,199.95,50,1561385656000
2657,199.941,214,1561385657000
2658,199.9454,60,1561385658000
2659,199.94061666666667,619,1561385659000
2660,199.933,110,1561385660000
2661,199.93625000000003,262,1561385661000
2662,199.93,80,1561385662000
2663,199.89763157894743,3897,1561385663000
2664,199.91995,101,1561385664000
2665,199.92,100,1561385665000
2666,199.914,3,1561385666000
2667,199.914975,151,1561385667000
2668,199.9025,332,1561385668000
2669,199.9,205,1561385669000
2670,199.89174999999997,507,1561385670000
2671,199.88,30,1561385671000
2672,199.88912222222223,420,1561385672000
2673,199.8630642857143,2475,1561385673000
2674,199.85,658,1561385674000
