timestamp,price,size,exchange,condition1,condition2,condition3,condition4
2019-06-21 12:30:00.037000-04:00,199.91,1,11,37,0,0,0
2019-06-21 12:30:00.762000-04:00,199.9,100,11,14,41,0,0
2019-06-21 12:30:00.762000-04:00,199.9,100,19,0,0,0,0
2019-06-21 12:30:00.762000-04:00,199.9,146,12,14,41,0,0
2019-06-21 12:30:00.762000-04:00,199.9,100,12,0,0,0,0
2019-06-21 12:30:00.762000-04:00,199.9,77,12,14,37,41,0
2019-06-21 12:30:00.762000-04:00,199.9,77,12,37,0,0,0
2019-06-21 12:30:00.853000-04:00,199.8999,30,4,37,0,0,0
2019-06-21 12:30:01.501000-04:00,199.897,50,4,37,0,0,0
2019-06-21 12:30:01.671000-04:00,199.895,104,4,0,0,0,0
2019-06-21 12:30:02.374000-04:00,199.8999,2,4,37,0,0,0
2019-06-21 12:30:02.482000-04:00,199.89,41,19,14,37,41,0
2019-06-21 12:30:02.482000-04:00,199.89,59,19,14,37,41,0
2019-06-21 12:30:02.482000-04:00,199.89,100,12,0,0,0,0
2019-06-21 12:30:02.482000-04:00,199.89,100,12,0,0,0,0
2019-06-21 12:30:03.112000-04:00,199.88,100,19,14,41,0,0
2019-06-21 12:30:03.112000-04:00,199.88,100,12,14,41,0,0
2019-06-21 12:30:03.353000-04:00,199.89,1,4,37,0,0,0
2019-06-21 12:30:03.861000-04:00,199.88,100,4,0,0,0,0
2019-06-21 12:30:04.771000-04:00,199.88,10,12,37,0,0,0
2019-06-21 12:30:05.336000-04:00,199.88,100,4,0,0,0,0
2019-06-21 12:30:05.456000-04:00,199.87,5,8,14,37,41,0
2019-06-21 12:30:05.456000-04:00,199.88,100,12,14,41,0,0
2019-06-21 12:30:06.191000-04:00,199.875,73,4,37,0,0,0
2019-06-21 12:30:06.395000-04:00,199.8701,1,4,37,0,0,0
2019-06-21 12:30:06.550000-04:00,199.87,2,12,37,0,0,0
2019-06-21 12:30:06.550000-04:00,199.87,98,12,37,0,0,0
2019-06-21 12:30:06.550000-04:00,199.87,2,12,14,37,41,0
2019-06-21 12:30:06.551000-04:00,199.8701,400,4,0,0,0,0
2019-06-21 12:30:06.631000-04:00,199.86,40,18,14,37,41,0
2019-06-21 12:30:06.631000-04:00,199.86,60,19,14,37,41,0
2019-06-21 12:30:07.395000-04:00,199.86,100,15,0,0,0,0
2019-06-21 12:30:07.395000-04:00,199.86,39,15,37,0,0,0
2019-06-21 12:30:07.395000-04:00,199.86,100,11,14,41,0,0
2019-06-21 12:30:07.395000-04:00,199.86,100,12,14,41,0,0
2019-06-21 12:30:07.395000-04:00,199.86,100,12,14,41,0,0
2019-06-21 12:30:07.418000-04:00,199.8699,1,4,37,0,0,0
2019-06-21 12:30:07.430000-04:00,199.86,100,4,0,0,0,0
2019-06-21 12:30:07.432000-04:00,199.86,140,19,14,41,0,0
2019-06-21 12:30:07.432000-04:00,199.86,100,19,14,41,0,0
2019-06-21 12:30:07.432000-04:00,199.86,100,12,14,41,0,0
2019-06-21 12:30:07.432000-04:00,199.86,100,12,14,41,0,0
2019-06-21 12:30:07.432000-04:00,199.86,96,12,37,0,0,0
2019-06-21 12:30:07.432000-04:00,199.86,4,12,37,0,0,0
2019-06-21 12:30:07.433000-04:00,199.85,37,8,14,37,41,0
2019-06-21 12:30:07.433000-04:00,199.86,5,8,37,0,0,0
2019-06-21 12:30:07.433000-04:00,199.86,100,8,0,0,0,0
2019-06-21 12:30:07.433000-04:00,199.86,100,19,0,0,0,0
2019-06-21 12:30:07.550000-04:00,199.8638,10,4,37,0,0,0
2019-06-21 12:30:07.612000-04:00,199.8638,200,4,0,0,0,0
2019-06-21 12:30:08.710000-04:00,199.8639,5,4,37,0,0,0
2019-06-21 12:30:08.808000-04:00,199.8629,2,4,37,0,0,0
2019-06-21 12:30:08.918000-04:00,199.8629,1,4,10,37,41,0
2019-06-21 12:30:09.571000-04:00,199.8699,1,4,37,0,0,0
2019-06-21 12:30:10.564000-04:00,199.8603,25,4,37,0,0,0
2019-06-21 12:30:11.342000-04:00,199.87,63,19,14,37,41,0
2019-06-21 12:30:11.342000-04:00,199.87,100,12,14,41,0,0
2019-06-21 12:30:11.342000-04:00,199.87,100,12,14,41,0,0
2019-06-21 12:30:11.343000-04:00,199.88,200,10,14,41,0,0
2019-06-21 12:30:11.347000-04:00,199.88,100,12,0,0,0,0
2019-06-21 12:30:11.348000-04:00,199.88,100,8,0,0,0,0
2019-06-21 12:30:11.363000-04:00,199.88,116,4,0,0,0,0
2019-06-21 12:30:11.412000-04:00,199.8855,460,4,0,0,0,0
2019-06-21 12:30:11.720000-04:00,199.89,50,8,37,0,0,0
2019-06-21 12:30:11.720000-04:00,199.89,10,19,37,0,0,0
2019-06-21 12:30:12.133000-04:00,199.9,100,18,14,41,0,0
2019-06-21 12:30:12.133000-04:00,199.9,100,15,0,0,0,0
2019-06-21 12:30:12.340000-04:00,199.8957,15,4,37,0,0,0
2019-06-21 12:30:12.389000-04:00,199.894,1,4,37,0,0,0
2019-06-21 12:30:12.573000-04:00,199.8925,500,4,0,0,0,0
2019-06-21 12:30:12.989000-04:00,199.8999,1,4,37,0,0,0
2019-06-21 12:30:13.122000-04:00,199.8938,40,4,37,0,0,0
2019-06-21 12:30:13.671000-04:00,199.89,80,19,14,37,41,0
2019-06-21 12:30:13.671000-04:00,199.89,20,19,14,37,41,0
2019-06-21 12:30:13.671000-04:00,199.89,100,12,14,41,0,0
2019-06-21 12:30:13.671000-04:00,199.89,100,12,14,41,0,0
2019-06-21 12:30:13.671000-04:00,199.89,100,12,14,41,0,0
2019-06-21 12:30:13.672000-04:00,199.89,100,11,14,41,0,0
2019-06-21 12:30:13.860000-04:00,199.89,50,19,37,0,0,0
2019-06-21 12:30:14.241000-04:00,199.8827,20,4,37,0,0,0
2019-06-21 12:30:15.071000-04:00,199.91,1,4,37,0,0,0
2019-06-21 12:30:15.791000-04:00,199.89,50,4,37,0,0,0
2019-06-21 12:30:16.892000-04:00,199.89,40,19,14,37,41,0
2019-06-21 12:30:17.186000-04:00,199.89,9,12,14,37,41,0
2019-06-21 12:30:17.187000-04:00,199.89,100,15,0,0,0,0
2019-06-21 12:30:17.187000-04:00,199.89,100,15,0,0,0,0
2019-06-21 12:30:17.295000-04:00,199.89,100,12,14,41,0,0
2019-06-21 12:30:17.295000-04:00,199.89,100,12,14,41,0,0
2019-06-21 12:30:17.302000-04:00,199.88,1,15,37,0,0,0
2019-06-21 12:30:17.372000-04:00,199.88,127,4,0,0,0,0
2019-06-21 12:30:17.372000-04:00,199.88,127,4,0,0,0,0
2019-06-21 12:30:17.375000-04:00,199.88,100,12,14,41,0,0
2019-06-21 12:30:17.375000-04:00,199.88,100,12,14,41,0,0
2019-06-21 12:30:17.456000-04:00,199.87,86,17,14,37,41,0
2019-06-21 12:30:17.456000-04:00,199.87,100,12,14,41,0,0
2019-06-21 12:30:17.456000-04:00,199.87,86,12,14,37,41,0
2019-06-21 12:30:17.456000-04:00,199.87,100,12,14,41,0,0
2019-06-21 12:30:17.474000-04:00,199.87,200,4,0,0,0,0
2019-06-21 12:30:17.532000-04:00,199.87,200,4,0,0,0,0
2019-06-21 12:30:17.532000-04:00,199.86,400,4,0,0,0,0
2019-06-21 12:30:17.532000-04:00,199.86,127,4,0,0,0,0
2019-06-21 12:30:19.556000-04:00,199.86,50,4,37,0,0,0
2019-06-21 12:30:20.060000-04:00,199.88,300,4,0,0,0,0
2019-06-21 12:30:20.064000-04:00,199.86,2,15,37,0,0,0
2019-06-21 12:30:20.657000-04:00,199.87,3,18,37,0,0,0
2019-06-21 12:30:22.230000-04:00,199.8709,127,4,0,0,0,0
2019-06-21 12:30:24.037000-04:00,199.864,5,4,37,0,0,0
2019-06-21 12:30:24.674000-04:00,199.86,162,8,14,41,0,0
2019-06-21 12:30:24.674000-04:00,199.86,100,11,0,0,0,0
2019-06-21 12:30:24.674000-04:00,199.86,5,11,37,0,0,0
2019-06-21 12:30:24.674000-04:00,199.86,100,19,0,0,0,0
2019-06-21 12:30:24.674000-04:00,199.86,100,12,0,0,0,0
2019-06-21 12:30:24.674000-04:00,199.86,100,12,0,0,0,0
2019-06-21 12:30:24.674000-04:00,199.86,200,12,14,41,0,0
2019-06-21 12:30:24.734000-04:00,199.86,2,4,37,0,0,0
2019-06-21 12:30:25.923000-04:00,199.8586,175,4,0,0,0,0
2019-06-21 12:30:26.381000-04:00,199.86,100,8,14,41,0,0
2019-06-21 12:30:26.382000-04:00,199.86,3,8,14,37,41,0
2019-06-21 12:30:27.460000-04:00,199.85,5,12,37,0,0,0
2019-06-21 12:30:30.053000-04:00,199.87,100,12,0,0,0,0
2019-06-21 12:30:30.054000-04:00,199.87,100,7,14,41,0,0
2019-06-21 12:30:30.054000-04:00,199.87,100,19,14,41,0,0
2019-06-21 12:30:30.054000-04:00,199.87,100,19,14,41,0,0
2019-06-21 12:30:31.004000-04:00,199.885,30,4,37,0,0,0
2019-06-21 12:30:31.345000-04:00,199.88,1,11,37,0,0,0
2019-06-21 12:30:31.345000-04:00,199.88,100,19,0,0,0,0
2019-06-21 12:30:31.345000-04:00,199.88,100,4,0,0,0,0
2019-06-21 12:30:31.447000-04:00,199.87,100,12,0,0,0,0
2019-06-21 12:30:32.032000-04:00,199.8719,100,4,0,0,0,0
2019-06-21 12:30:32.774000-04:00,199.8726,85,4,37,0,0,0
2019-06-21 12:30:36.838000-04:00,199.8701,43,4,37,0,0,0
2019-06-21 12:30:37.333000-04:00,199.8793,3,4,37,0,0,0
2019-06-21 12:30:37.512000-04:00,199.87,100,12,14,41,0,0
2019-06-21 12:30:40.206000-04:00,199.8699,1,4,37,0,0,0
2019-06-21 12:30:41.144000-04:00,199.87,100,10,14,41,0,0
2019-06-21 12:30:41.144000-04:00,199.87,100,11,14,41,0,0
2019-06-21 12:30:41.144000-04:00,199.87,1,11,14,37,41,0
2019-06-21 12:30:41.144000-04:00,199.87,100,19,14,41,0,0
2019-06-21 12:30:41.144000-04:00,199.87,100,12,0,0,0,0
2019-06-21 12:30:41.183000-04:00,199.874,30,4,37,0,0,0
2019-06-21 12:30:42.208000-04:00,199.875,100,4,0,0,0,0
2019-06-21 12:30:42.873000-04:00,199.87,100,12,0,0,0,0
2019-06-21 12:30:45.180000-04:00,199.87,3,17,37,0,0,0
2019-06-21 12:30:45.689000-04:00,199.86,100,12,14,41,0,0
2019-06-21 12:30:45.689000-04:00,199.86,100,12,14,41,0,0
2019-06-21 12:30:45.689000-04:00,199.86,100,12,14,41,0,0
2019-06-21 12:30:45.689000-04:00,199.86,100,12,14,41,0,0
2019-06-21 12:30:45.689000-04:00,199.86,100,12,14,41,0,0
2019-06-21 12:30:45.689000-04:00,199.86,100,12,14,41,0,0
2019-06-21 12:30:45.689000-04:00,199.86,100,12,14,41,0,0
2019-06-21 12:30:45.690000-04:00,199.86,100,8,0,0,0,0
2019-06-21 12:30:45.690000-04:00,199.86,100,11,14,41,0,0
2019-06-21 12:30:45.690000-04:00,199.86,100,19,14,41,0,0
2019-06-21 12:30:45.690000-04:00,199.86,43,19,14,37,41,0
2019-06-21 12:30:45.690000-04:00,199.86,123,19,14,41,0,0
2019-06-21 12:30:45.690000-04:00,199.86,34,19,37,0,0,0
2019-06-21 12:30:45.691000-04:00,199.85,2,18,37,0,0,0
2019-06-21 12:30:45.702000-04:00,199.86,100,12,14,41,0,0
2019-06-21 12:30:45.763000-04:00,199.8502,100,4,0,0,0,0
2019-06-21 12:30:46.169000-04:00,199.8576,380,4,0,0,0,0
2019-06-21 12:30:46.569000-04:00,199.8599,1,4,37,0,0,0
2019-06-21 12:30:46.644000-04:00,199.85,35,4,37,0,0,0
2019-06-21 12:30:47.097000-04:00,199.85,17,4,37,0,0,0
2019-06-21 12:30:47.196000-04:00,199.85,95,12,14,37,41,0
2019-06-21 12:30:47.196000-04:00,199.85,20,12,14,37,41,0
2019-06-21 12:30:47.196000-04:00,199.85,100,12,14,41,0,0
2019-06-21 12:30:47.196000-04:00,199.85,600,12,14,41,0,0
2019-06-21 12:30:47.197000-04:00,199.85,163,8,14,41,0,0
2019-06-21 12:30:47.197000-04:00,199.85,500,11,14,41,0,0
2019-06-21 12:30:47.197000-04:00,199.85,102,11,14,41,0,0
2019-06-21 12:30:47.197000-04:00,199.85,198,11,14,41,0,0
2019-06-21 12:30:47.197000-04:00,199.85,14,19,14,37,41,0
2019-06-21 12:30:47.197000-04:00,199.85,86,19,37,0,0,0
2019-06-21 12:30:47.197000-04:00,199.85,100,19,0,0,0,0
2019-06-21 12:30:47.197000-04:00,199.85,200,19,0,0,0,0
2019-06-21 12:30:47.197000-04:00,199.84,100,12,0,0,0,0
2019-06-21 12:30:47.198000-04:00,199.84,1,8,14,37,41,0
2019-06-21 12:30:47.914000-04:00,199.835,125,4,0,0,0,0
2019-06-21 12:30:48.616000-04:00,199.84,300,4,0,0,0,0
2019-06-21 12:30:48.622000-04:00,199.82,100,15,0,0,0,0
2019-06-21 12:30:48.727000-04:00,199.83,100,4,0,0,0,0
2019-06-21 12:30:48.752000-04:00,199.83,100,4,0,0,0,0
2019-06-21 12:30:50.704000-04:00,199.84,100,7,14,41,0,0
2019-06-21 12:30:50.704000-04:00,199.84,100,18,14,41,0,0
2019-06-21 12:30:50.704000-04:00,199.84,74,8,14,37,41,0
2019-06-21 12:30:50.704000-04:00,199.84,26,8,37,0,0,0
2019-06-21 12:30:50.704000-04:00,199.84,100,11,14,41,0,0
2019-06-21 12:30:50.704000-04:00,199.84,23,11,14,37,41,0
2019-06-21 12:30:50.704000-04:00,199.84,100,19,0,0,0,0
2019-06-21 12:30:50.749000-04:00,199.85,135,11,14,41,0,0
2019-06-21 12:30:50.862000-04:00,199.86,107,12,14,41,0,0
2019-06-21 12:30:50.862000-04:00,199.86,393,12,14,41,0,0
2019-06-21 12:30:50.862000-04:00,199.86,100,12,14,41,0,0
2019-06-21 12:30:51.424000-04:00,199.88,1,18,14,37,41,0
2019-06-21 12:30:51.424000-04:00,199.87,58,11,37,0,0,0
2019-06-21 12:30:51.424000-04:00,199.87,100,11,0,0,0,0
2019-06-21 12:30:51.424000-04:00,199.87,3,12,14,37,41,0
2019-06-21 12:30:53.312000-04:00,199.88,10,19,37,0,0,0
2019-06-21 12:30:53.412000-04:00,199.8837,15,4,37,0,0,0
2019-06-21 12:30:53.880000-04:00,199.885,100,4,0,0,0,0
2019-06-21 12:30:54.242000-04:00,199.885,5,19,14,37,41,0
2019-06-21 12:30:58.019000-04:00,199.8801,17,4,37,0,0,0
2019-06-21 12:30:58.539000-04:00,199.88,100,8,14,41,0,0
2019-06-21 12:30:58.539000-04:00,199.88,100,19,14,41,0,0
2019-06-21 12:30:58.539000-04:00,199.88,100,12,14,41,0,0
2019-06-21 12:30:58.539000-04:00,199.88,100,12,14,41,0,0
2019-06-21 12:30:58.539000-04:00,199.88,100,12,14,41,0,0
2019-06-21 12:30:58.655000-04:00,199.8736,625,4,0,0,0,0
2019-06-21 12:30:59.743000-04:00,199.8765,50,4,37,0,0,0
2019-06-21 12:31:01.703000-04:00,199.87,100,11,14,41,0,0
2019-06-21 12:31:01.703000-04:00,199.87,100,19,14,41,0,0
2019-06-21 12:31:01.703000-04:00,199.87,3,12,14,37,41,0
2019-06-21 12:31:01.720000-04:00,199.86,3,12,37,0,0,0
2019-06-21 12:31:04.154000-04:00,199.86,100,11,14,41,0,0
2019-06-21 12:31:04.154000-04:00,199.86,32,11,14,37,41,0
2019-06-21 12:31:04.154000-04:00,199.86,68,11,14,37,41,0
2019-06-21 12:31:04.154000-04:00,199.86,100,12,14,41,0,0
2019-06-21 12:31:04.198000-04:00,199.88,2,4,37,0,0,0
2019-06-21 12:31:06.697000-04:00,199.8698,10,4,37,0,0,0
2019-06-21 12:31:07.748000-04:00,199.87,2,10,14,37,41,0
2019-06-21 12:31:07.748000-04:00,199.87,79,12,37,0,0,0
2019-06-21 12:31:08.222000-04:00,199.88,2,4,37,0,0,0
2019-06-21 12:31:09.010000-04:00,199.87,2,12,14,37,41,0
2019-06-21 12:31:10.144000-04:00,199.8635,65,4,37,0,0,0
2019-06-21 12:31:10.251000-04:00,199.865,25,4,37,0,0,0
2019-06-21 12:31:11.172000-04:00,199.86,35,12,14,37,41,0
2019-06-21 12:31:11.172000-04:00,199.86,100,12,14,41,0,0
2019-06-21 12:31:11.586000-04:00,199.8699,200,4,0,0,0,0
2019-06-21 12:31:11.588000-04:00,199.85,200,4,0,0,0,0
2019-06-21 12:31:12.329000-04:00,199.8649,400,4,0,0,0,0
2019-06-21 12:31:15.987000-04:00,199.86,100,12,0,0,0,0
2019-06-21 12:31:15.987000-04:00,199.86,86,12,37,0,0,0
2019-06-21 12:31:15.987000-04:00,199.86,2,12,37,0,0,0
2019-06-21 12:31:16.962000-04:00,199.85,115,4,0,0,0,0
2019-06-21 12:31:16.965000-04:00,199.85,100,4,0,0,0,0
2019-06-21 12:31:17.679000-04:00,199.8501,75,4,37,0,0,0
2019-06-21 12:31:18.657000-04:00,199.86,22,4,37,0,0,0
2019-06-21 12:31:18.727000-04:00,199.87,100,18,14,41,0,0
2019-06-21 12:31:19.176000-04:00,199.86,1,4,37,0,0,0
2019-06-21 12:31:19.335000-04:00,199.8601,6,4,37,0,0,0
2019-06-21 12:31:25.097000-04:00,199.87,100,12,0,0,0,0
2019-06-21 12:31:25.097000-04:00,199.87,79,12,14,37,41,0
2019-06-21 12:31:25.098000-04:00,199.87,12,1,14,37,41,0
2019-06-21 12:31:25.098000-04:00,199.87,52,10,14,37,41,0
2019-06-21 12:31:25.098000-04:00,199.87,48,10,14,37,41,0
2019-06-21 12:31:25.098000-04:00,199.87,100,11,14,41,0,0
2019-06-21 12:31:25.098000-04:00,199.87,100,11,14,41,0,0
2019-06-21 12:31:25.098000-04:00,199.87,98,19,14,37,41,0
2019-06-21 12:31:25.163000-04:00,199.88,59,12,14,37,41,0
2019-06-21 12:31:25.164000-04:00,199.88,141,12,0,0,0,0
2019-06-21 12:31:25.412000-04:00,199.89,3,11,37,0,0,0
2019-06-21 12:31:25.412000-04:00,199.89,100,12,14,41,0,0
2019-06-21 12:31:25.412000-04:00,199.89,16,12,14,37,41,0
2019-06-21 12:31:25.413000-04:00,199.89,100,15,0,0,0,0
2019-06-21 12:31:25.413000-04:00,199.89,16,19,14,37,41,0
2019-06-21 12:31:25.414000-04:00,199.89,84,19,37,0,0,0
2019-06-21 12:31:27.771000-04:00,199.894,75,4,37,0,0,0
2019-06-21 12:31:30.210000-04:00,199.9,100,8,14,41,0,0
2019-06-21 12:31:30.210000-04:00,199.9,65,8,37,0,0,0
2019-06-21 12:31:30.210000-04:00,199.9,29,12,14,37,41,0
2019-06-21 12:31:30.211000-04:00,199.9,38,8,37,0,0,0
2019-06-21 12:31:30.211000-04:00,199.9,10,19,14,37,41,0
2019-06-21 12:31:30.211000-04:00,199.9,71,12,14,37,41,0
2019-06-21 12:31:31.354000-04:00,199.901,4,4,37,0,0,0
2019-06-21 12:31:33.014000-04:00,199.91,1,4,37,0,0,0
2019-06-21 12:31:33.768000-04:00,199.9,1,4,37,0,0,0
2019-06-21 12:31:33.818000-04:00,199.904,50,4,37,0,0,0
2019-06-21 12:31:36.334000-04:00,199.9,25,4,37,0,0,0
2019-06-21 12:31:36.334000-04:00,199.9099,25,4,37,0,0,0
2019-06-21 12:31:36.607000-04:00,199.905,160,4,0,0,0,0
2019-06-21 12:31:36.924000-04:00,199.91,100,2,14,41,0,0
2019-06-21 12:31:38.381000-04:00,199.9,1,4,37,0,0,0
2019-06-21 12:31:38.497000-04:00,199.9,100,8,0,0,0,0
2019-06-21 12:31:38.497000-04:00,199.9,100,11,0,0,0,0
2019-06-21 12:31:38.497000-04:00,199.9,1,11,37,0,0,0
2019-06-21 12:31:38.497000-04:00,199.9,100,11,0,0,0,0
2019-06-21 12:31:38.497000-04:00,199.9,100,19,14,41,0,0
2019-06-21 12:31:38.497000-04:00,199.9,100,19,14,41,0,0
2019-06-21 12:31:38.497000-04:00,199.9,300,12,14,41,0,0
2019-06-21 12:31:38.497000-04:00,199.9,76,12,14,37,41,0
2019-06-21 12:31:38.497000-04:00,199.9,24,12,37,0,0,0
2019-06-21 12:31:38.497000-04:00,199.9,76,12,37,0,0,0
2019-06-21 12:31:38.497000-04:00,199.9,24,12,37,0,0,0
2019-06-21 12:31:38.497000-04:00,199.9,76,12,37,0,0,0
2019-06-21 12:31:38.497000-04:00,199.9,24,12,37,0,0,0
2019-06-21 12:31:38.523000-04:00,199.89,100,4,0,0,0,0
2019-06-21 12:31:38.650000-04:00,199.89,50,19,37,0,0,0
2019-06-21 12:31:38.650000-04:00,199.89,100,12,0,0,0,0
2019-06-21 12:31:38.651000-04:00,199.89,50,19,37,0,0,0
2019-06-21 12:31:39.272000-04:00,199.8846,10,4,37,0,0,0
2019-06-21 12:31:39.854000-04:00,199.8899,1,4,37,0,0,0
2019-06-21 12:31:39.885000-04:00,199.88,100,12,0,0,0,0
2019-06-21 12:31:39.885000-04:00,199.88,100,12,0,0,0,0
2019-06-21 12:31:41.169000-04:00,199.87,10,4,37,0,0,0
2019-06-21 12:31:41.520000-04:00,199.88,100,18,0,0,0,0
2019-06-21 12:31:42.923000-04:00,199.8729,2000,4,0,0,0,0
2019-06-21 12:31:43.237000-04:00,199.88,100,2,14,41,0,0
2019-06-21 12:31:44.390000-04:00,199.8799,28,4,37,0,0,0
2019-06-21 12:31:44.875000-04:00,199.88,7,3,14,37,41,0
2019-06-21 12:31:46.927000-04:00,199.88,67,8,14,37,41,0
2019-06-21 12:31:46.927000-04:00,199.88,33,8,14,37,41,0
2019-06-21 12:31:46.927000-04:00,199.88,67,12,14,37,41,0
2019-06-21 12:31:46.927000-04:00,199.88,33,12,14,37,41,0
2019-06-21 12:31:46.927000-04:00,199.88,3,12,14,37,41,0
2019-06-21 12:31:48.973000-04:00,199.8863,80,4,37,0,0,0
2019-06-21 12:31:50.619000-04:00,199.89,100,11,0,0,0,0
2019-06-21 12:31:50.619000-04:00,199.89,100,11,0,0,0,0
2019-06-21 12:31:53.851000-04:00,199.8922,5,4,37,0,0,0
2019-06-21 12:31:54.134000-04:00,199.893,20,4,37,0,0,0
2019-06-21 12:31:55.553000-04:00,199.898,10,4,37,0,0,0
2019-06-21 12:31:56.607000-04:00,199.9,1,12,37,0,0,0
2019-06-21 12:31:57.618000-04:00,199.8901,5,4,37,0,0,0
2019-06-21 12:31:59.252000-04:00,199.9099,133,4,0,0,0,0
2019-06-21 12:31:59.866000-04:00,199.91,120,4,0,0,0,0
2019-06-21 12:32:01.408000-04:00,199.89,100,11,14,41,0,0
2019-06-21 12:32:01.408000-04:00,199.89,100,19,14,41,0,0
2019-06-21 12:32:01.408000-04:00,199.89,55,12,14,37,41,0
2019-06-21 12:32:01.408000-04:00,199.89,200,12,14,41,0,0
2019-06-21 12:32:01.408000-04:00,199.89,100,12,14,41,0,0
2019-06-21 12:32:01.408000-04:00,199.89,100,12,14,41,0,0
2019-06-21 12:32:01.408000-04:00,199.89,36,12,14,37,41,0
2019-06-21 12:32:01.408000-04:00,199.89,23,12,37,0,0,0
2019-06-21 12:32:01.408000-04:00,199.89,100,12,0,0,0,0
2019-06-21 12:32:01.408000-04:00,199.89,26,12,37,0,0,0
2019-06-21 12:32:01.408000-04:00,199.89,15,12,14,37,41,0
2019-06-21 12:32:01.408000-04:00,199.89,100,12,14,41,0,0
2019-06-21 12:32:01.420000-04:00,199.88,100,19,0,0,0,0
2019-06-21 12:32:01.420000-04:00,199.88,100,12,0,0,0,0
2019-06-21 12:32:01.534000-04:00,199.87,1000,4,0,0,0,0
2019-06-21 12:32:01.705000-04:00,199.875,100,4,0,0,0,0
2019-06-21 12:32:01.726000-04:00,199.87,94,19,14,37,41,0
2019-06-21 12:32:02.136000-04:00,199.87,1,4,37,0,0,0
2019-06-21 12:32:02.259000-04:00,199.8848,100,4,0,0,0,0
2019-06-21 12:32:02.932000-04:00,199.89,100,7,14,41,0,0
2019-06-21 12:32:02.932000-04:00,199.89,100,18,14,41,0,0
2019-06-21 12:32:02.932000-04:00,199.89,100,12,14,41,0,0
2019-06-21 12:32:02.932000-04:00,199.89,4,12,14,37,41,0
2019-06-21 12:32:02.932000-04:00,199.89,100,12,14,41,0,0
2019-06-21 12:32:05.392000-04:00,199.9,1,4,37,0,0,0
2019-06-21 12:32:05.407000-04:00,199.8999,1,4,37,0,0,0
2019-06-21 12:32:05.700000-04:00,199.8999,1,4,37,0,0,0
2019-06-21 12:32:05.721000-04:00,199.8999,1,4,37,0,0,0
2019-06-21 12:32:08.208000-04:00,199.8964,100,4,0,0,0,0
2019-06-21 12:32:08.311000-04:00,199.89,127,4,0,0,0,0
2019-06-21 12:32:08.312000-04:00,199.89,127,4,0,0,0,0
2019-06-21 12:32:08.313000-04:00,199.89,100,12,14,41,0,0
2019-06-21 12:32:08.314000-04:00,199.88,308,8,14,41,0,0
2019-06-21 12:32:08.314000-04:00,199.89,100,11,14,41,0,0
2019-06-21 12:32:08.314000-04:00,199.88,100,12,14,41,0,0
2019-06-21 12:32:08.314000-04:00,199.88,100,12,0,0,0,0
2019-06-21 12:32:08.314000-04:00,199.88,100,12,0,0,0,0
2019-06-21 12:32:08.314000-04:00,199.88,100,12,0,0,0,0
2019-06-21 12:32:08.315000-04:00,199.88,100,8,0,0,0,0
2019-06-21 12:32:08.315000-04:00,199.88,100,12,14,41,0,0
2019-06-21 12:32:08.315000-04:00,199.88,100,12,14,41,0,0
2019-06-21 12:32:08.317000-04:00,199.89,127,4,0,0,0,0
2019-06-21 12:32:09.374000-04:00,199.9,2,4,37,0,0,0
2019-06-21 12:32:10.301000-04:00,199.88,25,4,37,0,0,0
2019-06-21 12:32:10.515000-04:00,199.8801,2,4,37,0,0,0
2019-06-21 12:32:13.570000-04:00,199.8872,100,4,0,0,0,0
2019-06-21 12:32:13.926000-04:00,199.9,35,4,37,0,0,0
2019-06-21 12:32:15.658000-04:00,199.88,100,4,0,0,0,0
2019-06-21 12:32:16.077000-04:00,199.88,800,4,0,0,0,0
2019-06-21 12:32:16.174000-04:00,199.89,100,15,0,0,0,0
2019-06-21 12:32:16.528000-04:00,199.89,100,15,0,0,0,0
2019-06-21 12:32:16.662000-04:00,199.9,199,4,0,0,0,0
2019-06-21 12:32:18.573000-04:00,199.8921,1,4,37,0,0,0
2019-06-21 12:32:20.016000-04:00,199.89,79,12,37,0,0,0
2019-06-21 12:32:20.105000-04:00,199.8938,500,4,0,0,0,0
2019-06-21 12:32:20.298000-04:00,199.89,200,4,0,0,0,0
2019-06-21 12:32:24.186000-04:00,199.9,100,18,0,0,0,0
2019-06-21 12:32:24.195000-04:00,199.9,100,10,14,41,0,0
2019-06-21 12:32:24.195000-04:00,199.9,100,8,14,41,0,0
2019-06-21 12:32:24.195000-04:00,199.9,100,11,14,41,0,0
2019-06-21 12:32:24.195000-04:00,199.9,100,12,0,0,0,0
2019-06-21 12:32:24.195000-04:00,199.9,100,12,0,0,0,0
2019-06-21 12:32:24.196000-04:00,199.9,5,15,37,0,0,0
2019-06-21 12:32:24.826000-04:00,199.9099,2,4,37,0,0,0
2019-06-21 12:32:25.993000-04:00,199.9058,700,4,0,0,0,0
2019-06-21 12:32:26.149000-04:00,199.9099,1,4,37,0,0,0
2019-06-21 12:32:26.668000-04:00,199.9099,1,4,37,0,0,0
2019-06-21 12:32:29.655000-04:00,199.904,75,4,37,0,0,0
2019-06-21 12:32:30.229000-04:00,199.905,270,4,0,0,0,0
2019-06-21 12:32:30.893000-04:00,199.9035,66,4,37,0,0,0
2019-06-21 12:32:30.905000-04:00,199.9047,215,4,0,0,0,0
2019-06-21 12:32:31.786000-04:00,199.9,71,10,14,37,41,0
2019-06-21 12:32:31.786000-04:00,199.9,100,8,14,41,0,0
2019-06-21 12:32:31.786000-04:00,199.9,100,8,14,41,0,0
2019-06-21 12:32:31.786000-04:00,199.9,100,11,14,41,0,0
2019-06-21 12:32:31.786000-04:00,199.9,26,11,14,37,41,0
2019-06-21 12:32:31.786000-04:00,199.9,3,19,14,37,41,0
2019-06-21 12:32:31.786000-04:00,199.9,3,19,14,37,41,0
2019-06-21 12:32:31.786000-04:00,199.9,33,19,14,37,41,0
2019-06-21 12:32:31.786000-04:00,199.9,100,12,14,41,0,0
2019-06-21 12:32:31.786000-04:00,199.9,75,12,14,37,41,0
2019-06-21 12:32:31.786000-04:00,199.9,10,12,14,37,41,0
2019-06-21 12:32:31.786000-04:00,199.9,15,12,37,0,0,0
2019-06-21 12:32:31.786000-04:00,199.9,85,12,37,0,0,0
2019-06-21 12:32:31.786000-04:00,199.9,100,12,14,41,0,0
2019-06-21 12:32:31.786000-04:00,199.9,15,12,14,37,41,0
2019-06-21 12:32:31.786000-04:00,199.9,100,12,14,41,0,0
2019-06-21 12:32:31.786000-04:00,199.9,57,12,14,37,41,0
2019-06-21 12:32:31.786000-04:00,199.9,62,12,37,0,0,0
2019-06-21 12:32:31.786000-04:00,199.9,100,12,14,41,0,0
2019-06-21 12:32:31.786000-04:00,199.9,81,12,37,0,0,0
2019-06-21 12:32:31.787000-04:00,199.9,29,10,14,37,41,0
2019-06-21 12:32:31.787000-04:00,199.9,100,15,0,0,0,0
2019-06-21 12:32:31.787000-04:00,199.9,64,19,37,0,0,0
2019-06-21 12:32:32.128000-04:00,199.8924,40,4,37,0,0,0
2019-06-21 12:32:32.325000-04:00,199.9,100,12,0,0,0,0
2019-06-21 12:32:32.343000-04:00,199.9001,3,4,37,0,0,0
2019-06-21 12:32:32.998000-04:00,199.9099,1,4,37,0,0,0
2019-06-21 12:32:33.167000-04:00,199.91,2,4,37,0,0,0
2019-06-21 12:32:33.979000-04:00,199.9,100,11,0,0,0,0
2019-06-21 12:32:34.885000-04:00,199.897,30,4,37,0,0,0
2019-06-21 12:32:37.371000-04:00,199.8932,25,4,37,0,0,0
2019-06-21 12:32:37.605000-04:00,199.89,261,11,14,41,0,0
2019-06-21 12:32:37.605000-04:00,199.89,21,12,14,37,41,0
2019-06-21 12:32:37.605000-04:00,199.89,100,12,14,41,0,0
2019-06-21 12:32:38.096000-04:00,199.88,100,12,0,0,0,0
2019-06-21 12:32:38.096000-04:00,199.88,100,12,0,0,0,0
2019-06-21 12:32:39.055000-04:00,199.866,200,4,0,0,0,0
2019-06-21 12:32:39.418000-04:00,199.87,12,12,14,37,41,0
2019-06-21 12:32:39.549000-04:00,199.86,8,4,37,0,0,0
2019-06-21 12:32:39.869000-04:00,199.8669,25,4,37,0,0,0
2019-06-21 12:32:40.150000-04:00,199.88,284,4,0,0,0,0
2019-06-21 12:32:40.362000-04:00,199.88,300,4,0,0,0,0
2019-06-21 12:32:41.208000-04:00,199.87,9,4,37,0,0,0
2019-06-21 12:32:42.360000-04:00,199.8724,14,4,37,0,0,0
2019-06-21 12:32:42.450000-04:00,199.8798,1,4,37,0,0,0
2019-06-21 12:32:43.054000-04:00,199.8665,10,4,37,0,0,0
2019-06-21 12:32:43.794000-04:00,199.8732,25,4,37,0,0,0
2019-06-21 12:32:43.992000-04:00,199.87,21,12,37,0,0,0
2019-06-21 12:32:44.255000-04:00,199.8744,20,4,37,0,0,0
2019-06-21 12:32:45.559000-04:00,199.8799,2,4,37,0,0,0
2019-06-21 12:32:47.847000-04:00,199.87,42,12,37,0,0,0
2019-06-21 12:32:47.852000-04:00,199.87,100,19,0,0,0,0
2019-06-21 12:32:47.852000-04:00,199.87,237,12,14,41,0,0
2019-06-21 12:32:47.852000-04:00,199.87,200,12,14,41,0,0
2019-06-21 12:32:47.853000-04:00,199.87,100,11,14,41,0,0
2019-06-21 12:32:47.995000-04:00,199.8639,10,4,37,0,0,0
2019-06-21 12:32:48.195000-04:00,199.8675,2,4,37,0,0,0
2019-06-21 12:32:49.122000-04:00,199.87,50,12,37,0,0,0
2019-06-21 12:32:49.123000-04:00,199.88,34,7,14,37,41,0
2019-06-21 12:32:49.345000-04:00,199.86,100,10,0,0,0,0
2019-06-21 12:32:49.345000-04:00,199.86,100,15,0,0,0,0
2019-06-21 12:32:49.345000-04:00,199.86,423,8,0,0,0,0
2019-06-21 12:32:49.345000-04:00,199.86,20,8,37,0,0,0
2019-06-21 12:32:49.345000-04:00,199.86,100,11,0,0,0,0
2019-06-21 12:32:49.345000-04:00,199.86,9,11,37,0,0,0
2019-06-21 12:32:49.345000-04:00,199.86,100,19,0,0,0,0
2019-06-21 12:32:49.345000-04:00,199.86,1400,19,0,0,0,0
2019-06-21 12:32:49.345000-04:00,199.86,43,4,37,0,0,0
2019-06-21 12:32:49.345000-04:00,199.86,100,12,0,0,0,0
2019-06-21 12:32:49.345000-04:00,199.86,86,12,37,0,0,0
2019-06-21 12:32:49.350000-04:00,199.86,43,4,37,0,0,0
2019-06-21 12:32:49.439000-04:00,199.85,100,18,14,41,0,0
2019-06-21 12:32:52.403000-04:00,199.85,40,4,37,0,0,0
2019-06-21 12:32:52.934000-04:00,199.86,90,4,37,0,0,0
2019-06-21 12:32:53.118000-04:00,199.86,100,11,14,41,0,0
2019-06-21 12:32:53.118000-04:00,199.8599,2,4,37,0,0,0
2019-06-21 12:32:53.119000-04:00,199.86,6,8,37,0,0,0
2019-06-21 12:32:53.119000-04:00,199.86,94,8,37,0,0,0
2019-06-21 12:32:53.119000-04:00,199.86,6,8,14,37,41,0
2019-06-21 12:32:53.119000-04:00,199.86,100,11,14,41,0,0
2019-06-21 12:32:53.119000-04:00,199.86,100,11,14,41,0,0
2019-06-21 12:32:53.119000-04:00,199.86,100,11,14,41,0,0
2019-06-21 12:32:53.119000-04:00,199.86,100,19,14,41,0,0
2019-06-21 12:32:53.119000-04:00,199.86,100,12,14,41,0,0
2019-06-21 12:32:53.119000-04:00,199.86,100,12,14,41,0,0
2019-06-21 12:32:53.120000-04:00,199.86,3,10,14,37,41,0
2019-06-21 12:32:53.200000-04:00,199.87,3,4,37,0,0,0
2019-06-21 12:32:54.196000-04:00,199.86,100,4,0,0,0,0
2019-06-21 12:32:55.240000-04:00,199.8652,25,4,37,0,0,0
2019-06-21 12:32:55.312000-04:00,199.866,200,4,0,0,0,0
2019-06-21 12:32:55.329000-04:00,199.86,100,19,0,0,0,0
2019-06-21 12:32:55.335000-04:00,199.86,7,12,14,37,41,0
2019-06-21 12:32:55.337000-04:00,199.86,1,4,37,0,0,0
2019-06-21 12:32:57.676000-04:00,199.8519,1,4,37,0,0,0
2019-06-21 12:32:57.771000-04:00,199.8519,1,4,10,37,41,0
2019-06-21 12:32:58.127000-04:00,199.8538,91,4,37,0,0,0
2019-06-21 12:32:58.531000-04:00,199.86,19,15,37,0,0,0
2019-06-21 12:32:59.711000-04:00,199.8571,1120,4,0,0,0,0
2019-06-21 12:32:59.978000-04:00,199.87,175,4,0,0,0,0
2019-06-21 12:32:59.980000-04:00,199.87,58,4,37,0,0,0
2019-06-21 12:32:59.989000-04:00,199.87,117,4,0,0,0,0
2019-06-21 12:33:00.150000-04:00,199.8502,6,4,37,0,0,0
2019-06-21 12:33:00.424000-04:00,199.8685,55,4,37,0,0,0
2019-06-21 12:33:00.785000-04:00,199.8501,10,4,37,0,0,0
2019-06-21 12:33:00.882000-04:00,199.86,50,12,37,0,0,0
2019-06-21 12:33:00.896000-04:00,199.86,10,19,37,0,0,0
2019-06-21 12:33:00.902000-04:00,199.86,150,12,14,41,0,0
2019-06-21 12:33:00.902000-04:00,199.86,100,12,14,41,0,0
2019-06-21 12:33:00.943000-04:00,199.8635,8,4,37,0,0,0
2019-06-21 12:33:01.263000-04:00,199.87,100,7,14,41,0,0
2019-06-21 12:33:01.263000-04:00,199.86,10,12,37,0,0,0
2019-06-21 12:33:01.289000-04:00,199.87,11,4,37,0,0,0
2019-06-21 12:33:02.003000-04:00,199.865,1,4,37,0,0,0
2019-06-21 12:33:02.743000-04:00,199.86,100,12,0,0,0,0
2019-06-21 12:33:02.744000-04:00,199.86,100,11,14,41,0,0
2019-06-21 12:33:02.857000-04:00,199.8574,8,4,37,0,0,0
2019-06-21 12:33:03.892000-04:00,199.86,2,12,14,37,41,0
2019-06-21 12:33:04.245000-04:00,199.86,100,10,0,0,0,0
2019-06-21 12:33:04.911000-04:00,199.86,52,12,14,37,41,0
2019-06-21 12:33:04.987000-04:00,199.86,340,4,0,0,0,0
2019-06-21 12:33:04.989000-04:00,199.86,272,4,0,0,0,0
2019-06-21 12:33:04.999000-04:00,199.86,294,4,0,0,0,0
2019-06-21 12:33:05.003000-04:00,199.86,90,4,37,0,0,0
2019-06-21 12:33:05.095000-04:00,199.85,8,4,37,0,0,0
2019-06-21 12:33:06.202000-04:00,199.855,167,4,0,0,0,0
2019-06-21 12:33:06.746000-04:00,199.86,10,12,14,37,41,0
2019-06-21 12:33:06.746000-04:00,199.86,90,12,37,0,0,0
2019-06-21 12:33:06.746000-04:00,199.86,15,12,37,0,0,0
2019-06-21 12:33:07.084000-04:00,199.86,85,12,37,0,0,0
2019-06-21 12:33:07.084000-04:00,199.86,23,12,37,0,0,0
2019-06-21 12:33:07.284000-04:00,199.87,100,11,0,0,0,0
2019-06-21 12:33:08.262000-04:00,199.87,5,11,14,37,41,0
2019-06-21 12:33:10.214000-04:00,199.8732,40,4,37,0,0,0
2019-06-21 12:33:10.463000-04:00,199.874,96,4,37,0,0,0
2019-06-21 12:33:10.956000-04:00,199.87,100,4,0,0,0,0
2019-06-21 12:33:11.568000-04:00,199.87,100,19,0,0,0,0
2019-06-21 12:33:11.568000-04:00,199.87,100,19,0,0,0,0
2019-06-21 12:33:11.576000-04:00,199.87,100,12,14,41,0,0
2019-06-21 12:33:11.576000-04:00,199.87,200,12,14,41,0,0
2019-06-21 12:33:11.576000-04:00,199.87,33,12,14,37,41,0
2019-06-21 12:33:11.577000-04:00,199.87,95,11,14,37,41,0
2019-06-21 12:33:11.577000-04:00,199.87,100,12,0,0,0,0
2019-06-21 12:33:11.577000-04:00,199.87,67,12,14,37,41,0
2019-06-21 12:33:11.591000-04:00,199.87,15,4,37,0,0,0
2019-06-21 12:33:13.889000-04:00,199.867,100,4,0,0,0,0
2019-06-21 12:33:14.527000-04:00,199.8634,250,4,0,0,0,0
2019-06-21 12:33:15.383000-04:00,199.86,2,12,14,37,41,0
2019-06-21 12:33:18.231000-04:00,199.87,100,1,14,41,0,0
2019-06-21 12:33:18.245000-04:00,199.86,107,4,0,0,0,0
2019-06-21 12:33:19.037000-04:00,199.8699,2,4,37,0,0,0
2019-06-21 12:33:19.180000-04:00,199.86,100,19,14,41,0,0
2019-06-21 12:33:19.180000-04:00,199.86,98,12,37,0,0,0
2019-06-21 12:33:19.180000-04:00,199.86,2,12,37,0,0,0
2019-06-21 12:33:19.180000-04:00,199.86,100,12,0,0,0,0
2019-06-21 12:33:19.180000-04:00,199.86,98,12,37,0,0,0
2019-06-21 12:33:19.216000-04:00,199.86,1,10,37,0,0,0
2019-06-21 12:33:19.235000-04:00,199.86,100,12,14,41,0,0
2019-06-21 12:33:19.713000-04:00,199.8699,5,4,37,0,0,0
2019-06-21 12:33:19.841000-04:00,199.86,26,12,14,37,41,0
2019-06-21 12:33:20.764000-04:00,199.86,100,4,0,0,0,0
2019-06-21 12:33:22.267000-04:00,199.8623,300,4,0,0,0,0
2019-06-21 12:33:22.301000-04:00,199.87,50,12,14,37,41,0
2019-06-21 12:33:22.301000-04:00,199.88,44,12,14,37,41,0
2019-06-21 12:33:22.301000-04:00,199.88,100,12,14,41,0,0
2019-06-21 12:33:22.302000-04:00,199.88,149,10,14,41,0,0
2019-06-21 12:33:22.302000-04:00,199.87,100,18,14,41,0,0
2019-06-21 12:33:22.302000-04:00,199.88,100,19,14,41,0,0
2019-06-21 12:33:22.302000-04:00,199.88,100,19,14,41,0,0
2019-06-21 12:33:22.302000-04:00,199.88,460,19,14,41,0,0
2019-06-21 12:33:22.302000-04:00,199.88,940,19,14,41,0,0
2019-06-21 12:33:22.302000-04:00,199.88,56,12,14,37,41,0
2019-06-21 12:33:22.302000-04:00,199.88,44,12,14,37,41,0
2019-06-21 12:33:22.302000-04:00,199.88,100,12,14,41,0,0
2019-06-21 12:33:22.907000-04:00,199.8899,25,4,37,0,0,0
2019-06-21 12:33:23.151000-04:00,199.88,1,4,37,0,0,0
2019-06-21 12:33:25.026000-04:00,199.89,600,4,0,0,0,0
2019-06-21 12:33:26.521000-04:00,199.87,100,12,0,0,0,0
2019-06-21 12:33:26.602000-04:00,199.86,794,4,0,0,0,0
2019-06-21 12:33:26.626000-04:00,199.86,40,19,37,0,0,0
2019-06-21 12:33:26.626000-04:00,199.86,100,12,0,0,0,0
2019-06-21 12:33:26.627000-04:00,199.86,200,4,0,0,0,0
2019-06-21 12:33:26.651000-04:00,199.85,100,10,0,0,0,0
2019-06-21 12:33:26.651000-04:00,199.85,200,18,0,0,0,0
2019-06-21 12:33:26.651000-04:00,199.85,21,18,37,0,0,0
2019-06-21 12:33:26.651000-04:00,199.85,100,11,0,0,0,0
2019-06-21 12:33:26.651000-04:00,199.85,100,11,0,0,0,0
2019-06-21 12:33:26.651000-04:00,199.85,100,11,0,0,0,0
2019-06-21 12:33:26.651000-04:00,199.85,100,11,0,0,0,0
2019-06-21 12:33:26.651000-04:00,199.85,100,12,0,0,0,0
2019-06-21 12:33:26.651000-04:00,199.85,100,12,0,0,0,0
2019-06-21 12:33:26.651000-04:00,199.85,100,12,0,0,0,0
2019-06-21 12:33:26.651000-04:00,199.85,100,12,0,0,0,0
2019-06-21 12:33:26.651000-04:00,199.85,11,12,37,0,0,0
2019-06-21 12:33:26.651000-04:00,199.85,26,12,37,0,0,0
2019-06-21 12:33:26.790000-04:00,199.85,100,8,0,0,0,0
2019-06-21 12:33:26.790000-04:00,199.85,100,8,0,0,0,0
2019-06-21 12:33:26.790000-04:00,199.85,100,19,0,0,0,0
2019-06-21 12:33:26.790000-04:00,199.85,70,19,37,0,0,0
2019-06-21 12:33:26.790000-04:00,199.85,263,12,0,0,0,0
2019-06-21 12:33:26.790000-04:00,199.85,16,12,37,0,0,0
2019-06-21 12:33:26.790000-04:00,199.85,100,12,0,0,0,0
2019-06-21 12:33:26.790000-04:00,199.85,100,12,0,0,0,0
2019-06-21 12:33:26.791000-04:00,199.85,30,19,14,37,41,0
2019-06-21 12:33:26.791000-04:00,199.85,100,19,14,41,0,0
2019-06-21 12:33:26.791000-04:00,199.85,63,19,14,37,41,0
2019-06-21 12:33:26.791000-04:00,199.85,100,19,0,0,0,0
2019-06-21 12:33:26.791000-04:00,199.85,100,19,0,0,0,0
2019-06-21 12:33:26.791000-04:00,199.85,35,19,14,37,41,0
2019-06-21 12:33:26.791000-04:00,199.85,2,19,14,37,41,0
2019-06-21 12:33:26.791000-04:00,199.85,100,12,14,41,0,0
2019-06-21 12:33:26.791000-04:00,199.85,193,12,14,41,0,0
2019-06-21 12:33:26.791000-04:00,199.85,91,12,37,0,0,0
2019-06-21 12:33:26.791000-04:00,199.85,100,12,0,0,0,0
2019-06-21 12:33:26.867000-04:00,199.84,45,12,14,37,41,0
2019-06-21 12:33:27.382000-04:00,199.83,2,4,37,0,0,0
2019-06-21 12:33:27.927000-04:00,199.8341,1,4,37,0,0,0
2019-06-21 12:33:28.691000-04:00,199.84,100,12,0,0,0,0
2019-06-21 12:33:29.388000-04:00,199.84,2,4,37,0,0,0
2019-06-21 12:33:29.632000-04:00,199.83,100,18,14,41,0,0
2019-06-21 12:33:30.500000-04:00,199.8381,100,4,0,0,0,0
2019-06-21 12:33:31.538000-04:00,199.83,100,4,0,0,0,0
2019-06-21 12:33:32.639000-04:00,199.8301,125,4,0,0,0,0
2019-06-21 12:33:33.740000-04:00,199.84,17,4,37,0,0,0
2019-06-21 12:33:34.180000-04:00,199.8377,20,4,37,0,0,0
2019-06-21 12:33:35.827000-04:00,199.8353,2,4,37,0,0,0
2019-06-21 12:33:36.002000-04:00,199.83,1,4,37,0,0,0
2019-06-21 12:33:36.872000-04:00,199.8363,50,4,37,0,0,0
2019-06-21 12:33:38.314000-04:00,199.83,660,4,0,0,0,0
2019-06-21 12:33:38.325000-04:00,199.83,330,4,0,0,0,0
2019-06-21 12:33:38.328000-04:00,199.83,198,4,0,0,0,0
2019-06-21 12:33:38.379000-04:00,199.84,30,12,37,0,0,0
2019-06-21 12:33:39.071000-04:00,199.838,35,4,37,0,0,0
2019-06-21 12:33:39.657000-04:00,199.83,100,4,0,0,0,0
2019-06-21 12:33:40.664000-04:00,199.8399,3,4,37,0,0,0
2019-06-21 12:33:40.925000-04:00,199.83,66,11,37,0,0,0
2019-06-21 12:33:40.942000-04:00,199.83,2,12,37,0,0,0
2019-06-21 12:33:40.942000-04:00,199.83,98,12,37,0,0,0
2019-06-21 12:33:40.942000-04:00,199.83,2,12,37,0,0,0
2019-06-21 12:33:40.942000-04:00,199.83,2,12,37,0,0,0
2019-06-21 12:33:40.943000-04:00,199.83,100,8,14,41,0,0
2019-06-21 12:33:40.943000-04:00,199.83,34,11,37,0,0,0
2019-06-21 12:33:40.943000-04:00,199.83,1,11,37,0,0,0
2019-06-21 12:33:40.943000-04:00,199.83,100,19,14,41,0,0
2019-06-21 12:33:40.943000-04:00,199.83,98,12,14,37,41,0
2019-06-21 12:33:40.943000-04:00,199.83,100,12,14,41,0,0
2019-06-21 12:33:40.943000-04:00,199.83,100,12,14,41,0,0
2019-06-21 12:33:41.720000-04:00,199.82,100,12,0,0,0,0
2019-06-21 12:33:41.720000-04:00,199.82,12,12,37,0,0,0
2019-06-21 12:33:41.806000-04:00,199.8142,1000,4,0,0,0,0
2019-06-21 12:33:42.132000-04:00,199.8105,1,4,37,0,0,0
2019-06-21 12:33:42.502000-04:00,199.8199,14,4,37,0,0,0
2019-06-21 12:33:42.504000-04:00,199.8152,14,4,37,0,0,0
2019-06-21 12:33:43.662000-04:00,199.814,75,4,37,0,0,0
2019-06-21 12:33:43.708000-04:00,199.82,1,4,37,0,0,0
2019-06-21 12:33:43.813000-04:00,199.82,1,4,37,0,0,0
2019-06-21 12:33:44.976000-04:00,199.8168,2,4,37,0,0,0
2019-06-21 12:33:44.977000-04:00,199.8199,2,4,37,0,0,0
2019-06-21 12:33:45.060000-04:00,199.8199,1,4,37,0,0,0
2019-06-21 12:33:45.538000-04:00,199.82,100,18,14,41,0,0
2019-06-21 12:33:45.538000-04:00,199.82,100,8,14,41,0,0
2019-06-21 12:33:45.538000-04:00,199.82,300,8,14,41,0,0
2019-06-21 12:33:45.538000-04:00,199.82,100,19,14,41,0,0
2019-06-21 12:33:45.538000-04:00,199.815,200,12,14,41,0,0
2019-06-21 12:33:45.538000-04:00,199.815,5,12,14,37,41,0
2019-06-21 12:33:45.538000-04:00,199.815,19,12,37,0,0,0
2019-06-21 12:33:45.538000-04:00,199.82,4,12,37,0,0,0
2019-06-21 12:33:45.538000-04:00,199.82,100,12,0,0,0,0
2019-06-21 12:33:45.538000-04:00,199.82,82,12,37,0,0,0
2019-06-21 12:33:45.538000-04:00,199.82,18,12,14,37,41,0
2019-06-21 12:33:45.538000-04:00,199.82,1,12,14,37,41,0
2019-06-21 12:33:45.539000-04:00,199.83,100,7,14,41,0,0
2019-06-21 12:33:45.539000-04:00,199.82,100,11,14,41,0,0
2019-06-21 12:33:45.647000-04:00,199.8262,278,4,0,0,0,0
2019-06-21 12:33:46.379000-04:00,199.83,100,15,0,0,0,0
2019-06-21 12:33:46.379000-04:00,199.83,100,12,0,0,0,0
2019-06-21 12:33:46.629000-04:00,199.84,100,11,14,41,0,0
2019-06-21 12:33:46.629000-04:00,199.84,100,19,14,41,0,0
2019-06-21 12:33:46.629000-04:00,199.84,100,12,0,0,0,0
2019-06-21 12:33:46.629000-04:00,199.84,100,12,0,0,0,0
2019-06-21 12:33:46.655000-04:00,199.86,2,15,37,0,0,0
2019-06-21 12:33:46.720000-04:00,199.85,2,12,37,0,0,0
2019-06-21 12:33:50.886000-04:00,199.8587,200,4,0,0,0,0
2019-06-21 12:33:51.116000-04:00,199.85,2,4,37,0,0,0
2019-06-21 12:33:52.183000-04:00,199.855,250,4,0,0,0,0
2019-06-21 12:33:52.292000-04:00,199.85,32,19,14,37,41,0
2019-06-21 12:33:52.292000-04:00,199.85,100,12,0,0,0,0
2019-06-21 12:33:52.292000-04:00,199.85,100,12,0,0,0,0
2019-06-21 12:33:52.292000-04:00,199.85,100,12,0,0,0,0
2019-06-21 12:33:52.292000-04:00,199.85,100,12,0,0,0,0
2019-06-21 12:33:52.292000-04:00,199.85,100,12,0,0,0,0
2019-06-21 12:33:52.293000-04:00,199.85,100,15,0,0,0,0
2019-06-21 12:33:52.293000-04:00,199.85,100,11,14,41,0,0
2019-06-21 12:33:52.877000-04:00,199.8523,600,4,0,0,0,0
2019-06-21 12:33:53.436000-04:00,199.86,200,10,0,0,0,0
2019-06-21 12:33:53.436000-04:00,199.86,100,11,14,41,0,0
2019-06-21 12:33:54.492000-04:00,199.8545,10,4,37,0,0,0
2019-06-21 12:33:55.640000-04:00,199.85,2,4,37,0,0,0
2019-06-21 12:33:55.794000-04:00,199.87,4,4,37,0,0,0
2019-06-21 12:33:56.336000-04:00,199.87,839,4,0,0,0,0
2019-06-21 12:33:56.343000-04:00,199.87,181,4,0,0,0,0
2019-06-21 12:33:56.436000-04:00,199.8501,180,4,0,0,0,0
2019-06-21 12:33:56.470000-04:00,199.85,50,4,37,0,0,0
2019-06-21 12:33:57.067000-04:00,199.86,20,4,37,0,0,0
2019-06-21 12:33:57.576000-04:00,199.8576,30,4,37,0,0,0
2019-06-21 12:33:57.597000-04:00,199.8699,50,4,37,0,0,0
2019-06-21 12:33:58.369000-04:00,199.8615,25,4,37,0,0,0
2019-06-21 12:33:58.719000-04:00,199.87,19,4,37,0,0,0
2019-06-21 12:33:58.725000-04:00,199.86,8,19,37,0,0,0
2019-06-21 12:33:59.805000-04:00,199.8699,1,4,37,0,0,0
2019-06-21 12:33:59.854000-04:00,199.86,100,4,0,0,0,0
2019-06-21 12:34:00.005000-04:00,199.86,92,19,37,0,0,0
2019-06-21 12:34:00.038000-04:00,199.85,100,8,14,41,0,0
2019-06-21 12:34:00.038000-04:00,199.85,100,11,14,41,0,0
2019-06-21 12:34:00.038000-04:00,199.85,68,19,14,37,41,0
2019-06-21 12:34:00.038000-04:00,199.85,100,19,14,41,0,0
2019-06-21 12:34:00.038000-04:00,199.85,100,12,14,41,0,0
2019-06-21 12:34:00.038000-04:00,199.85,100,12,14,41,0,0
2019-06-21 12:34:00.038000-04:00,199.85,100,12,14,41,0,0
2019-06-21 12:34:00.038000-04:00,199.85,100,12,14,41,0,0
2019-06-21 12:34:00.039000-04:00,199.85,1,1,14,37,41,0
2019-06-21 12:34:00.041000-04:00,199.85,100,8,14,41,0,0
2019-06-21 12:34:00.041000-04:00,199.85,100,11,14,41,0,0
2019-06-21 12:34:01.354000-04:00,199.8599,3,4,37,0,0,0
2019-06-21 12:34:01.509000-04:00,199.85,100,12,0,0,0,0
2019-06-21 12:34:02.065000-04:00,199.86,1,4,37,0,0,0
2019-06-21 12:34:03.448000-04:00,199.85,1,4,37,0,0,0
2019-06-21 12:34:03.767000-04:00,199.85,1,4,37,0,0,0
2019-06-21 12:34:05.221000-04:00,199.845,100,4,0,0,0,0
2019-06-21 12:34:06.953000-04:00,199.845,100,4,0,0,0,0
2019-06-21 12:34:07.232000-04:00,199.85,100,10,14,41,0,0
2019-06-21 12:34:07.252000-04:00,199.845,100,4,0,0,0,0
2019-06-21 12:34:07.916000-04:00,199.85,500,4,0,0,0,0
2019-06-21 12:34:08.061000-04:00,199.85,15,19,14,37,41,0
2019-06-21 12:34:08.061000-04:00,199.85,100,12,14,41,0,0
2019-06-21 12:34:08.062000-04:00,199.85,85,11,14,37,41,0
2019-06-21 12:34:08.062000-04:00,199.85,15,11,14,37,41,0
2019-06-21 12:34:08.062000-04:00,199.85,85,19,14,37,41,0
2019-06-21 12:34:08.067000-04:00,199.845,300,4,0,0,0,0
2019-06-21 12:34:08.552000-04:00,199.87,1,12,14,37,41,0
2019-06-21 12:34:08.552000-04:00,199.87,90,12,14,37,41,0
2019-06-21 12:34:08.552000-04:00,199.87,10,12,37,0,0,0
2019-06-21 12:34:08.553000-04:00,199.865,100,4,0,0,0,0
2019-06-21 12:34:08.554000-04:00,199.87,100,4,0,0,0,0
2019-06-21 12:34:08.649000-04:00,199.8723,9,4,37,0,0,0
2019-06-21 12:34:08.926000-04:00,199.867,48,4,37,0,0,0
2019-06-21 12:34:09.339000-04:00,199.88,1,4,37,0,0,0
2019-06-21 12:34:09.659000-04:00,199.87,100,12,0,0,0,0
2019-06-21 12:34:09.902000-04:00,199.8726,16,4,37,0,0,0
2019-06-21 12:34:15.785000-04:00,199.865,100,19,0,0,0,0
2019-06-21 12:34:16.939000-04:00,199.86,49,11,14,37,41,0
2019-06-21 12:34:16.939000-04:00,199.86,100,19,14,41,0,0
2019-06-21 12:34:16.939000-04:00,199.86,100,12,14,41,0,0
2019-06-21 12:34:16.939000-04:00,199.86,200,12,14,41,0,0
2019-06-21 12:34:16.939000-04:00,199.86,3,12,14,37,41,0
2019-06-21 12:34:17.602000-04:00,199.85,100,11,14,41,0,0
2019-06-21 12:34:17.829000-04:00,199.85,5,12,37,0,0,0
2019-06-21 12:34:18.072000-04:00,199.8501,52,4,37,0,0,0
2019-06-21 12:34:18.619000-04:00,199.8492,37,4,37,0,0,0
2019-06-21 12:34:20.415000-04:00,199.85,5,12,14,37,41,0
2019-06-21 12:34:20.575000-04:00,199.855,135,15,0,0,0,0
2019-06-21 12:34:21.825000-04:00,199.8469,10,4,37,0,0,0
2019-06-21 12:34:22.246000-04:00,199.86,100,18,14,41,0,0
2019-06-21 12:34:22.247000-04:00,199.86,100,10,14,41,0,0
2019-06-21 12:34:22.247000-04:00,199.85,7,11,14,37,41,0
2019-06-21 12:34:24.731000-04:00,199.8501,25,4,37,0,0,0
2019-06-21 12:34:27.079000-04:00,199.85,100,11,14,41,0,0
2019-06-21 12:34:27.422000-04:00,199.85,100,19,14,41,0,0
2019-06-21 12:34:27.422000-04:00,199.85,52,12,37,0,0,0
2019-06-21 12:34:27.492000-04:00,199.84,500,12,14,41,0,0
2019-06-21 12:34:27.492000-04:00,199.84,100,12,14,41,0,0
2019-06-21 12:34:27.493000-04:00,199.84,100,11,14,41,0,0
2019-06-21 12:34:27.510000-04:00,199.84,50,11,37,0,0,0
2019-06-21 12:34:27.721000-04:00,199.8426,25,4,37,0,0,0
2019-06-21 12:34:28.026000-04:00,199.8499,15,4,37,0,0,0
2019-06-21 12:34:29.151000-04:00,199.85,1,19,37,0,0,0
2019-06-21 12:34:29.245000-04:00,199.85,100,8,14,41,0,0
2019-06-21 12:34:29.245000-04:00,199.85,100,8,14,41,0,0
2019-06-21 12:34:29.245000-04:00,199.85,4,12,14,37,41,0
2019-06-21 12:34:29.247000-04:00,199.845,100,4,0,0,0,0
2019-06-21 12:34:30.047000-04:00,199.8491,500,4,0,0,0,0
2019-06-21 12:34:32.335000-04:00,199.8554,5,4,37,0,0,0
2019-06-21 12:34:34.252000-04:00,199.855,100,15,0,0,0,0
2019-06-21 12:34:34.327000-04:00,199.85,10,11,14,37,41,0
2019-06-21 12:34:34.730000-04:00,199.8599,1,4,37,0,0,0
2019-06-21 12:34:34.743000-04:00,199.85,90,11,37,0,0,0
2019-06-21 12:34:34.743000-04:00,199.85,100,19,0,0,0,0
2019-06-21 12:34:34.743000-04:00,199.85,100,12,0,0,0,0
2019-06-21 12:34:34.743000-04:00,199.85,93,12,37,0,0,0
2019-06-21 12:34:34.743000-04:00,199.85,7,12,37,0,0,0
2019-06-21 12:34:34.911000-04:00,199.85,2,4,37,0,0,0
2019-06-21 12:34:36.580000-04:00,199.8599,4,4,37,0,0,0
2019-06-21 12:34:38.620000-04:00,199.84,100,11,14,41,0,0
2019-06-21 12:34:39.066000-04:00,199.845,5,4,37,0,0,0
2019-06-21 12:34:42.534000-04:00,199.84,23,19,14,37,41,0
2019-06-21 12:34:43.366000-04:00,199.841,265,4,0,0,0,0
2019-06-21 12:34:43.978000-04:00,199.84,19,4,37,0,0,0
2019-06-21 12:34:44.512000-04:00,199.8466,27,4,37,0,0,0
2019-06-21 12:34:44.638000-04:00,199.84,21,4,37,0,0,0
2019-06-21 12:34:44.787000-04:00,199.8499,50,4,37,0,0,0
2019-06-21 12:34:46.114000-04:00,199.8435,5,4,37,0,0,0
2019-06-21 12:34:46.129000-04:00,199.841,184,4,0,0,0,0
2019-06-21 12:34:46.192000-04:00,199.85,2,4,37,0,0,0
2019-06-21 12:34:46.194000-04:00,199.8472,2,4,37,0,0,0
2019-06-21 12:34:46.991000-04:00,199.84,100,11,14,41,0,0
2019-06-21 12:34:46.991000-04:00,199.84,12,11,14,37,41,0
2019-06-21 12:34:46.991000-04:00,199.84,175,12,0,0,0,0
2019-06-21 12:34:46.991000-04:00,199.84,100,12,0,0,0,0
2019-06-21 12:34:47.222000-04:00,199.841,1,4,37,0,0,0
2019-06-21 12:34:48.858000-04:00,199.84,87,18,37,0,0,0
2019-06-21 12:34:49.395000-04:00,199.85,100,10,14,41,0,0
2019-06-21 12:34:49.395000-04:00,199.85,3,8,37,0,0,0
2019-06-21 12:34:49.395000-04:00,199.85,97,8,37,0,0,0
2019-06-21 12:34:49.395000-04:00,199.85,3,8,14,37,41,0
2019-06-21 12:34:49.395000-04:00,199.85,100,8,14,41,0,0
2019-06-21 12:34:49.395000-04:00,199.85,6,19,37,0,0,0
2019-06-21 12:34:49.395000-04:00,199.85,7,12,14,37,41,0
2019-06-21 12:34:49.395000-04:00,199.85,100,12,14,41,0,0
2019-06-21 12:34:49.397000-04:00,199.85,100,4,0,0,0,0
2019-06-21 12:34:49.401000-04:00,199.851,14,4,37,0,0,0
2019-06-21 12:34:49.545000-04:00,199.8538,500,4,0,0,0,0
2019-06-21 12:34:52.492000-04:00,199.86,100,12,0,0,0,0
2019-06-21 12:34:52.493000-04:00,199.86,100,10,14,41,0,0
2019-06-21 12:34:52.493000-04:00,199.86,100,11,14,41,0,0
2019-06-21 12:34:52.493000-04:00,199.86,100,11,14,41,0,0
2019-06-21 12:34:52.493000-04:00,199.86,100,19,0,0,0,0
2019-06-21 12:34:52.493000-04:00,199.86,2,19,37,0,0,0
2019-06-21 12:34:52.495000-04:00,199.86,100,4,0,0,0,0
2019-06-21 12:34:52.497000-04:00,199.86,100,4,0,0,0,0
2019-06-21 12:34:53.517000-04:00,199.86,100,11,14,41,0,0
2019-06-21 12:34:53.517000-04:00,199.86,100,12,0,0,0,0
2019-06-21 12:34:53.518000-04:00,199.86,100,19,0,0,0,0
2019-06-21 12:34:53.938000-04:00,199.85,45,11,37,0,0,0
2019-06-21 12:34:54.031000-04:00,199.85,6,11,37,0,0,0
2019-06-21 12:34:54.033000-04:00,199.8535,6,4,37,0,0,0
2019-06-21 12:34:54.432000-04:00,199.85,100,12,0,0,0,0
2019-06-21 12:34:54.432000-04:00,199.85,100,12,0,0,0,0
2019-06-21 12:34:54.433000-04:00,199.85,49,11,14,37,41,0
2019-06-21 12:34:54.433000-04:00,199.85,100,19,14,41,0,0
2019-06-21 12:34:54.433000-04:00,199.85,100,19,14,41,0,0
2019-06-21 12:34:55.939000-04:00,199.85,10,4,37,0,0,0
2019-06-21 12:34:56.713000-04:00,199.84,25,12,14,37,41,0
2019-06-21 12:34:56.713000-04:00,199.84,75,12,14,37,41,0
2019-06-21 12:34:56.736000-04:00,199.8499,9,4,37,0,0,0
2019-06-21 12:34:57.184000-04:00,199.8499,1,4,37,0,0,0
2019-06-21 12:34:58.276000-04:00,199.84,77,19,37,0,0,0
2019-06-21 12:34:58.276000-04:00,199.84,98,19,37,0,0,0
2019-06-21 12:34:58.276000-04:00,199.84,100,19,0,0,0,0
2019-06-21 12:34:58.276000-04:00,199.84,2,19,14,37,41,0
2019-06-21 12:34:58.278000-04:00,199.84,5,10,37,0,0,0
2019-06-21 12:34:58.720000-04:00,199.83,2,12,37,0,0,0
2019-06-21 12:34:59.398000-04:00,199.83,1,4,37,0,0,0
2019-06-21 12:35:01.542000-04:00,199.82,200,12,14,41,0,0
2019-06-21 12:35:01.542000-04:00,199.82,100,12,14,41,0,0
2019-06-21 12:35:01.543000-04:00,199.81,100,17,14,41,0,0
2019-06-21 12:35:01.543000-04:00,199.82,65,8,37,0,0,0
2019-06-21 12:35:01.543000-04:00,199.82,35,8,37,0,0,0
2019-06-21 12:35:01.543000-04:00,199.81,14,19,14,37,41,0
2019-06-21 12:35:01.543000-04:00,199.81,100,19,14,41,0,0
2019-06-21 12:35:01.543000-04:00,199.81,87,12,14,37,41,0
2019-06-21 12:35:01.543000-04:00,199.81,100,12,14,41,0,0
2019-06-21 12:35:01.544000-04:00,199.81,300,10,14,41,0,0
2019-06-21 12:35:01.545000-04:00,199.8,87,17,14,37,41,0
2019-06-21 12:35:01.545000-04:00,199.8,87,2,14,37,41,0
2019-06-21 12:35:01.545000-04:00,199.79,87,2,14,37,41,0
2019-06-21 12:35:01.545000-04:00,199.81,100,10,14,41,0,0
2019-06-21 12:35:01.545000-04:00,199.8,35,8,14,37,41,0
2019-06-21 12:35:01.545000-04:00,199.81,100,19,14,41,0,0
2019-06-21 12:35:01.545000-04:00,199.8,40,12,14,37,41,0
2019-06-21 12:35:01.545000-04:00,199.8,60,12,14,37,41,0
2019-06-21 12:35:01.545000-04:00,199.8,1,12,14,37,41,0
2019-06-21 12:35:01.545000-04:00,199.8,6,12,14,37,41,0
2019-06-21 12:35:01.545000-04:00,199.8,87,12,14,37,41,0
2019-06-21 12:35:01.546000-04:00,199.8,87,17,14,37,41,0
2019-06-21 12:35:01.546000-04:00,199.8,67,19,37,0,0,0
2019-06-21 12:35:01.547000-04:00,199.8,67,19,14,37,41,0
2019-06-21 12:35:01.547000-04:00,199.8,100,12,14,41,0,0
2019-06-21 12:35:01.547000-04:00,199.8,18,12,14,37,41,0
2019-06-21 12:35:01.547000-04:00,199.8,28,12,14,37,41,0
2019-06-21 12:35:01.549000-04:00,199.81,21,18,14,37,41,0
2019-06-21 12:35:01.549000-04:00,199.81,42,12,37,0,0,0
2019-06-21 12:35:01.549000-04:00,199.81,100,12,0,0,0,0
2019-06-21 12:35:01.549000-04:00,199.81,2,12,37,0,0,0
2019-06-21 12:35:01.553000-04:00,199.81,43,12,14,37,41,0
2019-06-21 12:35:01.567000-04:00,199.8,5,4,37,0,0,0
2019-06-21 12:35:01.569000-04:00,199.8,100,15,0,0,0,0
2019-06-21 12:35:01.577000-04:00,199.82,1,4,37,0,0,0
2019-06-21 12:35:01.643000-04:00,199.82,100,19,0,0,0,0
2019-06-21 12:35:01.656000-04:00,199.83,100,12,0,0,0,0
2019-06-21 12:35:01.688000-04:00,199.83,100,11,14,41,0,0
2019-06-21 12:35:01.688000-04:00,199.83,61,11,14,37,41,0
2019-06-21 12:35:01.689000-04:00,199.83,100,4,0,0,0,0
2019-06-21 12:35:01.885000-04:00,199.85,31,12,37,0,0,0
2019-06-21 12:35:01.885000-04:00,199.85,100,12,0,0,0,0
2019-06-21 12:35:01.885000-04:00,199.85,13,12,37,0,0,0
2019-06-21 12:35:01.886000-04:00,199.85,5,19,14,37,41,0
2019-06-21 12:35:01.886000-04:00,199.85,5,19,14,37,41,0
2019-06-21 12:35:01.909000-04:00,199.85,21,19,37,0,0,0
2019-06-21 12:35:01.909000-04:00,199.85,100,12,0,0,0,0
2019-06-21 12:35:03.033000-04:00,199.85,7,8,14,37,41,0
2019-06-21 12:35:03.033000-04:00,199.85,7,19,14,37,41,0
2019-06-21 12:35:03.033000-04:00,199.85,3,19,14,37,41,0
2019-06-21 12:35:03.033000-04:00,199.85,100,12,0,0,0,0
2019-06-21 12:35:03.967000-04:00,199.84,100,15,0,0,0,0
2019-06-21 12:35:03.967000-04:00,199.84,100,11,14,41,0,0
2019-06-21 12:35:03.967000-04:00,199.84,100,19,14,41,0,0
2019-06-21 12:35:03.967000-04:00,199.84,100,19,14,41,0,0
2019-06-21 12:35:03.967000-04:00,199.84,100,12,14,41,0,0
2019-06-21 12:35:03.967000-04:00,199.84,100,12,14,41,0,0
2019-06-21 12:35:03.967000-04:00,199.84,100,12,14,41,0,0
2019-06-21 12:35:03.974000-04:00,199.84,2,12,37,0,0,0
2019-06-21 12:35:03.975000-04:00,199.84,100,4,0,0,0,0
2019-06-21 12:35:03.976000-04:00,199.84,100,4,0,0,0,0
2019-06-21 12:35:04.180000-04:00,199.85,24,4,37,0,0,0
2019-06-21 12:35:04.582000-04:00,199.85,22,4,37,0,0,0
2019-06-21 12:35:06.560000-04:00,199.8393,1,4,37,0,0,0
2019-06-21 12:35:07.345000-04:00,199.84,48,12,37,0,0,0
2019-06-21 12:35:07.345000-04:00,199.84,100,12,0,0,0,0
2019-06-21 12:35:07.345000-04:00,199.84,100,12,0,0,0,0
2019-06-21 12:35:07.346000-04:00,199.84,100,15,0,0,0,0
2019-06-21 12:35:08.650000-04:00,199.84,85,12,37,0,0,0
2019-06-21 12:35:08.650000-04:00,199.84,115,12,14,41,0,0
2019-06-21 12:35:08.650000-04:00,199.84,100,12,14,41,0,0
2019-06-21 12:35:09.063000-04:00,199.8401,25,4,37,0,0,0
2019-06-21 12:35:10.606000-04:00,199.86,78,7,14,37,41,0
2019-06-21 12:35:10.606000-04:00,199.86,3,7,14,37,41,0
2019-06-21 12:35:10.606000-04:00,199.85,1,12,37,0,0,0
2019-06-21 12:35:10.606000-04:00,199.85,9,12,37,0,0,0
2019-06-21 12:35:10.607000-04:00,199.86,8,7,14,37,41,0
2019-06-21 12:35:10.607000-04:00,199.86,11,7,14,37,41,0
2019-06-21 12:35:10.607000-04:00,199.86,22,7,14,37,41,0
2019-06-21 12:35:10.607000-04:00,199.86,40,7,14,37,41,0
2019-06-21 12:35:10.608000-04:00,199.85,100,4,0,0,0,0
2019-06-21 12:35:10.609000-04:00,199.85,100,4,0,0,0,0
2019-06-21 12:35:10.963000-04:00,199.86,38,7,14,37,41,0
2019-06-21 12:35:11.144000-04:00,199.86,50,11,37,0,0,0
2019-06-21 12:35:12.289000-04:00,199.85,33,4,37,0,0,0
2019-06-21 12:35:12.732000-04:00,199.85,76,3,37,0,0,0
2019-06-21 12:35:12.732000-04:00,199.86,50,11,37,0,0,0
2019-06-21 12:35:12.733000-04:00,199.85,100,4,0,0,0,0
2019-06-21 12:35:12.817000-04:00,199.8507,32,4,37,0,0,0
2019-06-21 12:35:12.938000-04:00,199.84,100,4,0,0,0,0
2019-06-21 12:35:13.376000-04:00,199.46,1,4,7,37,0,0
2019-06-21 12:35:13.576000-04:00,199.46,1,4,7,37,0,0
2019-06-21 12:35:14.018000-04:00,199.84,100,12,0,0,0,0
2019-06-21 12:35:14.019000-04:00,199.84,100,11,0,0,0,0
2019-06-21 12:35:14.560000-04:00,199.83,34,4,37,0,0,0
2019-06-21 12:35:14.869000-04:00,199.8301,4,4,37,0,0,0
2019-06-21 12:35:15.266000-04:00,199.83,100,4,0,0,0,0
2019-06-21 12:35:15.267000-04:00,199.83,100,4,0,0,0,0
2019-06-21 12:35:15.268000-04:00,199.83,100,4,0,0,0,0
2019-06-21 12:35:15.268000-04:00,199.84,100,12,0,0,0,0
2019-06-21 12:35:15.331000-04:00,199.83,100,12,14,41,0,0
2019-06-21 12:35:15.331000-04:00,199.83,100,12,14,41,0,0
2019-06-21 12:35:15.331000-04:00,199.83,100,12,14,41,0,0
2019-06-21 12:35:15.331000-04:00,199.83,15,12,14,37,41,0
2019-06-21 12:35:15.385000-04:00,199.83,100,4,0,0,0,0
2019-06-21 12:35:15.386000-04:00,199.83,100,11,0,0,0,0
2019-06-21 12:35:15.386000-04:00,199.83,100,19,0,0,0,0
2019-06-21 12:35:15.386000-04:00,199.83,85,12,37,0,0,0
2019-06-21 12:35:15.386000-04:00,199.83,15,12,37,0,0,0
2019-06-21 12:35:15.386000-04:00,199.83,85,12,37,0,0,0
2019-06-21 12:35:16.659000-04:00,199.46,1,4,7,37,0,0
2019-06-21 12:35:17.256000-04:00,199.81,87,2,37,0,0,0
2019-06-21 12:35:17.258000-04:00,199.8101,500,4,0,0,0,0
2019-06-21 12:35:17.258000-04:00,199.8129,500,4,0,0,0,0
2019-06-21 12:35:17.258000-04:00,199.8131,87,4,37,0,0,0
2019-06-21 12:35:17.261000-04:00,199.81,87,17,37,0,0,0
2019-06-21 12:35:17.261000-04:00,199.81,48,10,37,0,0,0
2019-06-21 12:35:17.261000-04:00,199.81,54,8,37,0,0,0
2019-06-21 12:35:17.261000-04:00,199.81,48,11,37,0,0,0
2019-06-21 12:35:17.261000-04:00,199.81,54,19,37,0,0,0
2019-06-21 12:35:17.261000-04:00,199.81,100,12,0,0,0,0
2019-06-21 12:35:17.261000-04:00,199.81,87,12,37,0,0,0
2019-06-21 12:35:17.261000-04:00,199.81,35,12,37,0,0,0
2019-06-21 12:35:17.261000-04:00,199.81,100,12,0,0,0,0
2019-06-21 12:35:17.263000-04:00,199.8133,54,4,37,0,0,0
2019-06-21 12:35:17.263000-04:00,199.8134,54,4,37,0,0,0
2019-06-21 12:35:17.264000-04:00,199.8134,87,4,37,0,0,0
2019-06-21 12:35:17.264000-04:00,199.8133,100,4,0,0,0,0
2019-06-21 12:35:17.265000-04:00,199.8134,87,4,37,0,0,0
2019-06-21 12:35:17.265000-04:00,199.8132,35,4,37,0,0,0
2019-06-21 12:35:17.265000-04:00,199.8134,48,4,37,0,0,0
2019-06-21 12:35:17.266000-04:00,199.8133,48,4,37,0,0,0
2019-06-21 12:35:17.266000-04:00,199.8134,1900,4,0,0,0,0
2019-06-21 12:35:17.321000-04:00,199.81,55,4,37,0,0,0
2019-06-21 12:35:17.325000-04:00,199.81,45,12,37,0,0,0
2019-06-21 12:35:17.820000-04:00,199.8135,49,4,37,0,0,0
2019-06-21 12:35:17.873000-04:00,199.81,20,12,37,0,0,0
2019-06-21 12:35:17.878000-04:00,199.8001,12,4,37,0,0,0
2019-06-21 12:35:17.885000-04:00,199.81,12,19,14,37,41,0
2019-06-21 12:35:20.180000-04:00,199.81,12,12,14,37,41,0
2019-06-21 12:35:22.543000-04:00,199.8162,500,4,0,0,0,0
2019-06-21 12:35:23.154000-04:00,199.82,100,18,14,41,0,0
2019-06-21 12:35:23.177000-04:00,199.82,4,12,37,0,0,0
2019-06-21 12:35:23.177000-04:00,199.82,100,12,0,0,0,0
2019-06-21 12:35:23.320000-04:00,199.81,563,4,0,0,0,0
2019-06-21 12:35:23.982000-04:00,199.81,20,4,37,0,0,0
2019-06-21 12:35:25.898000-04:00,199.83,30,4,37,0,0,0
2019-06-21 12:35:26.168000-04:00,199.826,100,4,0,0,0,0
2019-06-21 12:35:26.354000-04:00,199.83,100,10,14,41,0,0
2019-06-21 12:35:26.354000-04:00,199.83,100,15,0,0,0,0
2019-06-21 12:35:26.354000-04:00,199.83,100,19,0,0,0,0
2019-06-21 12:35:26.354000-04:00,199.82,100,4,0,0,0,0
2019-06-21 12:35:26.355000-04:00,199.82,100,4,0,0,0,0
2019-06-21 12:35:26.355000-04:00,199.82,100,4,0,0,0,0
2019-06-21 12:35:26.356000-04:00,199.82,100,4,0,0,0,0
2019-06-21 12:35:26.356000-04:00,199.82,100,4,0,0,0,0
2019-06-21 12:35:26.468000-04:00,199.82,100,4,0,0,0,0
2019-06-21 12:35:26.471000-04:00,199.82,100,4,0,0,0,0
2019-06-21 12:35:26.557000-04:00,199.82,10,4,37,0,0,0
2019-06-21 12:35:27.381000-04:00,199.8201,50,4,37,0,0,0
2019-06-21 12:35:30.448000-04:00,199.8299,1,4,37,0,0,0
2019-06-21 12:35:30.630000-04:00,199.8299,1,4,37,0,0,0
2019-06-21 12:35:30.776000-04:00,199.8299,3,4,37,0,0,0
2019-06-21 12:35:31.936000-04:00,199.8232,10,4,37,0,0,0
