timestamp,condition,bidexchange,askexchange,askprice,bidprice,bidsize,asksize
2019-06-21 12:30:00.036000-04:00,1,12,12,199.92,199.9,5,3
2019-06-21 12:30:00.036000-04:00,1,12,12,199.92,199.9,5,4
2019-06-21 12:30:00.036000-04:00,1,12,12,199.92,199.9,5,5
2019-06-21 12:30:00.036000-04:00,1,12,12,199.92,199.9,5,6
2019-06-21 12:30:00.037000-04:00,1,12,12,199.91,199.9,5,1
2019-06-21 12:30:00.037000-04:00,1,12,12,199.91,199.9,5,2
2019-06-21 12:30:00.037000-04:00,1,12,12,199.91,199.9,5,3
2019-06-21 12:30:00.037000-04:00,1,12,12,199.91,199.9,5,2
2019-06-21 12:30:00.049000-04:00,1,12,12,199.91,199.9,5,1
2019-06-21 12:30:00.049000-04:00,1,12,10,199.91,199.9,5,2
2019-06-21 12:30:00.049000-04:00,1,12,12,199.91,199.9,5,1
2019-06-21 12:30:00.129000-04:00,1,12,12,199.91,199.9,4,1
2019-06-21 12:30:00.341000-04:00,1,12,12,199.91,199.9,4,2
2019-06-21 12:30:00.559000-04:00,1,12,12,199.91,199.9,4,3
2019-06-21 12:30:00.762000-04:00,1,12,12,199.91,199.9,4,4
2019-06-21 12:30:00.762000-04:00,1,12,12,199.91,199.9,4,5
2019-06-21 12:30:00.762000-04:00,1,12,12,199.91,199.9,2,5
2019-06-21 12:30:00.762000-04:00,1,12,12,199.91,199.9,2,6
2019-06-21 12:30:00.762000-04:00,1,12,12,199.91,199.9,2,7
2019-06-21 12:30:00.762000-04:00,1,12,12,199.91,199.9,2,8
2019-06-21 12:30:00.762000-04:00,1,12,12,199.91,199.9,2,9
2019-06-21 12:30:00.762000-04:00,1,11,12,199.91,199.9,1,9
2019-06-21 12:30:00.762000-04:00,1,11,12,199.91,199.9,1,9
2019-06-21 12:30:00.762000-04:00,1,11,12,199.91,199.9,1,10
2019-06-21 12:30:00.762000-04:00,1,11,12,199.91,199.9,1,9
2019-06-21 12:30:00.762000-04:00,1,11,12,199.9,199.9,1,1
2019-06-21 12:30:00.762000-04:00,1,11,12,199.9,199.9,1,2
2019-06-21 12:30:00.762000-04:00,1,11,12,199.9,199.9,1,3
2019-06-21 12:30:00.762000-04:00,1,11,12,199.9,199.9,1,4
2019-06-21 12:30:00.762000-04:00,1,11,12,199.9,199.9,1,3
2019-06-21 12:30:00.762000-04:00,1,11,12,199.9,199.9,1,2
2019-06-21 12:30:00.762000-04:00,1,12,12,199.9,199.89,2,2
2019-06-21 12:30:00.763000-04:00,1,12,12,199.9,199.89,2,3
2019-06-21 12:30:00.763000-04:00,1,12,12,199.9,199.89,3,3
2019-06-21 12:30:00.763000-04:00,1,12,19,199.9,199.89,3,2
2019-06-21 12:30:00.764000-04:00,1,12,19,199.9,199.89,2,2
2019-06-21 12:30:00.765000-04:00,1,12,12,199.9,199.89,2,2
2019-06-21 12:30:00.773000-04:00,1,12,19,199.9,199.89,2,1
2019-06-21 12:30:00.777000-04:00,1,12,12,199.9,199.89,2,2
2019-06-21 12:30:00.783000-04:00,1,12,19,199.9,199.89,2,1
2019-06-21 12:30:00.839000-04:00,1,12,12,199.9,199.89,2,2
2019-06-21 12:30:00.840000-04:00,1,12,12,199.9,199.89,2,3
2019-06-21 12:30:00.840000-04:00,1,12,12,199.9,199.89,2,4
2019-06-21 12:30:00.842000-04:00,1,12,12,199.9,199.89,2,3
2019-06-21 12:30:00.842000-04:00,1,12,12,199.9,199.89,2,2
2019-06-21 12:30:00.851000-04:00,1,12,12,199.9,199.89,3,2
2019-06-21 12:30:00.851000-04:00,1,12,19,199.9,199.89,3,1
2019-06-21 12:30:01.017000-04:00,1,12,19,199.9,199.89,2,1
2019-06-21 12:30:01.031000-04:00,1,12,12,199.9,199.89,2,2
2019-06-21 12:30:01.060000-04:00,1,12,12,199.9,199.89,2,3
2019-06-21 12:30:01.060000-04:00,1,12,12,199.9,199.89,2,4
2019-06-21 12:30:01.060000-04:00,1,12,12,199.9,199.89,2,5
2019-06-21 12:30:01.061000-04:00,1,12,12,199.9,199.89,2,4
2019-06-21 12:30:02.037000-04:00,1,12,12,199.9,199.89,2,3
2019-06-21 12:30:02.216000-04:00,1,12,12,199.9,199.89,2,2
2019-06-21 12:30:02.480000-04:00,1,12,10,199.9,199.89,2,3
2019-06-21 12:30:02.482000-04:00,1,19,10,199.9,199.89,1,3
2019-06-21 12:30:02.482000-04:00,1,19,12,199.9,199.89,1,5
2019-06-21 12:30:02.482000-04:00,1,19,12,199.9,199.89,1,6
2019-06-21 12:30:02.482000-04:00,1,19,12,199.9,199.89,1,7
2019-06-21 12:30:02.482000-04:00,1,19,12,199.9,199.89,1,8
2019-06-21 12:30:02.482000-04:00,1,19,12,199.9,199.89,1,9
2019-06-21 12:30:02.482000-04:00,1,19,12,199.9,199.89,1,10
2019-06-21 12:30:02.482000-04:00,1,19,12,199.9,199.89,1,11
2019-06-21 12:30:02.482000-04:00,1,12,12,199.9,199.88,2,11
2019-06-21 12:30:02.482000-04:00,1,12,12,199.9,199.88,1,11
2019-06-21 12:30:02.482000-04:00,1,12,12,199.9,199.87,2,11
2019-06-21 12:30:02.482000-04:00,1,12,12,199.89,199.87,2,1
2019-06-21 12:30:02.482000-04:00,1,12,12,199.89,199.87,2,2
2019-06-21 12:30:02.482000-04:00,1,12,12,199.89,199.87,2,3
2019-06-21 12:30:02.482000-04:00,1,12,12,199.89,199.87,2,4
2019-06-21 12:30:02.482000-04:00,1,12,12,199.89,199.87,2,6
2019-06-21 12:30:02.482000-04:00,1,12,12,199.89,199.88,1,6
2019-06-21 12:30:02.482000-04:00,1,12,12,199.89,199.88,1,7
2019-06-21 12:30:02.482000-04:00,1,12,12,199.89,199.88,1,8
2019-06-21 12:30:02.483000-04:00,1,12,12,199.89,199.88,1,7
2019-06-21 12:30:02.483000-04:00,1,12,12,199.89,199.88,1,6
2019-06-21 12:30:02.483000-04:00,1,12,12,199.89,199.88,1,5
2019-06-21 12:30:02.483000-04:00,1,12,12,199.89,199.88,1,4
2019-06-21 12:30:02.485000-04:00,1,12,12,199.89,199.88,1,3
2019-06-21 12:30:02.486000-04:00,1,12,12,199.89,199.88,1,2
2019-06-21 12:30:02.537000-04:00,1,12,12,199.89,199.88,1,1
2019-06-21 12:30:02.872000-04:00,1,12,12,199.89,199.88,1,2
2019-06-21 12:30:02.955000-04:00,1,12,12,199.89,199.88,1,3
2019-06-21 12:30:02.955000-04:00,1,12,12,199.89,199.88,1,4
2019-06-21 12:30:02.955000-04:00,1,12,12,199.89,199.88,1,5
2019-06-21 12:30:02.956000-04:00,1,12,12,199.89,199.88,1,4
2019-06-21 12:30:03.112000-04:00,1,19,12,199.89,199.88,1,4
2019-06-21 12:30:03.112000-04:00,1,19,12,199.89,199.88,1,5
2019-06-21 12:30:03.112000-04:00,1,19,12,199.89,199.88,1,6
2019-06-21 12:30:03.112000-04:00,1,19,12,199.89,199.88,1,7
2019-06-21 12:30:03.112000-04:00,1,19,12,199.89,199.88,1,8
2019-06-21 12:30:03.112000-04:00,1,19,12,199.89,199.88,1,9
2019-06-21 12:30:03.112000-04:00,1,19,12,199.89,199.88,1,10
2019-06-21 12:30:03.112000-04:00,1,19,12,199.89,199.88,1,9
2019-06-21 12:30:03.112000-04:00,1,19,12,199.89,199.88,1,10
2019-06-21 12:30:03.112000-04:00,1,17,12,199.89,199.87,1,10
2019-06-21 12:30:03.112000-04:00,1,10,12,199.89,199.87,1,10
2019-06-21 12:30:03.112000-04:00,1,10,12,199.89,199.87,1,11
2019-06-21 12:30:03.112000-04:00,1,10,12,199.88,199.87,1,1
2019-06-21 12:30:03.112000-04:00,1,10,12,199.88,199.87,1,2
2019-06-21 12:30:03.112000-04:00,1,10,12,199.88,199.87,1,4
2019-06-21 12:30:03.112000-04:00,1,10,12,199.88,199.87,1,5
2019-06-21 12:30:03.112000-04:00,1,10,12,199.88,199.87,1,4
2019-06-21 12:30:03.112000-04:00,1,12,12,199.88,199.87,1,4
2019-06-21 12:30:03.113000-04:00,1,12,12,199.88,199.87,1,3
2019-06-21 12:30:03.113000-04:00,1,12,12,199.88,199.87,1,2
2019-06-21 12:30:03.115000-04:00,1,12,12,199.88,199.87,1,1
2019-06-21 12:30:03.233000-04:00,1,12,15,199.88,199.87,1,1
2019-06-21 12:30:03.234000-04:00,1,12,12,199.89,199.87,1,7
2019-06-21 12:30:03.235000-04:00,1,12,12,199.89,199.87,1,6
2019-06-21 12:30:03.235000-04:00,1,12,19,199.88,199.87,1,1
2019-06-21 12:30:03.236000-04:00,1,12,19,199.88,199.87,2,1
2019-06-21 12:30:03.236000-04:00,1,12,19,199.88,199.87,3,1
2019-06-21 12:30:03.236000-04:00,1,12,12,199.89,199.87,3,6
2019-06-21 12:30:03.236000-04:00,1,12,12,199.89,199.87,3,5
2019-06-21 12:30:03.236000-04:00,1,12,12,199.89,199.87,4,5
2019-06-21 12:30:03.237000-04:00,1,12,12,199.89,199.87,4,4
2019-06-21 12:30:03.249000-04:00,1,12,19,199.88,199.87,4,1
2019-06-21 12:30:03.249000-04:00,1,12,19,199.88,199.87,3,1
2019-06-21 12:30:03.256000-04:00,1,12,12,199.89,199.87,3,4
2019-06-21 12:30:03.415000-04:00,1,12,19,199.88,199.87,3,1
2019-06-21 12:30:03.416000-04:00,1,12,12,199.89,199.87,3,4
2019-06-21 12:30:03.592000-04:00,1,12,19,199.88,199.87,3,1
2019-06-21 12:30:03.604000-04:00,1,12,19,199.88,199.87,4,1
2019-06-21 12:30:03.605000-04:00,1,12,12,199.89,199.87,4,4
2019-06-21 12:30:03.707000-04:00,1,12,12,199.89,199.87,4,3
2019-06-21 12:30:03.823000-04:00,1,12,10,199.89,199.87,4,2
2019-06-21 12:30:03.882000-04:00,1,12,12,199.89,199.87,4,2
2019-06-21 12:30:03.892000-04:00,1,12,12,199.89,199.87,5,2
2019-06-21 12:30:03.892000-04:00,1,12,12,199.89,199.87,6,2
2019-06-21 12:30:03.893000-04:00,1,12,12,199.89,199.88,1,2
2019-06-21 12:30:03.893000-04:00,1,12,18,199.89,199.88,1,1
2019-06-21 12:30:03.893000-04:00,1,12,18,199.89,199.88,2,1
2019-06-21 12:30:03.893000-04:00,1,12,18,199.89,199.88,3,1
2019-06-21 12:30:03.986000-04:00,1,12,18,199.89,199.88,2,1
2019-06-21 12:30:03.986000-04:00,1,12,10,199.89,199.88,2,2
2019-06-21 12:30:04.060000-04:00,1,12,18,199.89,199.88,2,1
2019-06-21 12:30:04.240000-04:00,1,12,10,199.89,199.88,2,2
2019-06-21 12:30:04.447000-04:00,1,12,18,199.89,199.88,2,1
2019-06-21 12:30:04.771000-04:00,1,12,18,199.89,199.88,1,1
2019-06-21 12:30:04.771000-04:00,1,12,12,199.89,199.88,1,2
2019-06-21 12:30:05.270000-04:00,1,12,18,199.89,199.87,4,2
2019-06-21 12:30:05.270000-04:00,1,12,18,199.89,199.87,3,2
2019-06-21 12:30:05.270000-04:00,1,12,18,199.89,199.88,1,2
2019-06-21 12:30:05.270000-04:00,1,12,12,199.89,199.88,1,3
2019-06-21 12:30:05.316000-04:00,1,12,12,199.89,199.88,1,4
2019-06-21 12:30:05.456000-04:00,1,12,12,199.89,199.87,3,4
2019-06-21 12:30:05.456000-04:00,1,12,12,199.88,199.87,3,1
2019-06-21 12:30:05.456000-04:00,1,12,12,199.88,199.87,3,2
2019-06-21 12:30:05.456000-04:00,1,12,12,199.88,199.87,3,3
2019-06-21 12:30:05.456000-04:00,1,12,12,199.88,199.87,2,3
2019-06-21 12:30:05.456000-04:00,1,12,12,199.88,199.87,1,4
2019-06-21 12:30:05.456000-04:00,1,12,12,199.88,199.87,1,5
2019-06-21 12:30:05.456000-04:00,1,12,12,199.88,199.87,1,6
2019-06-21 12:30:05.456000-04:00,1,12,12,199.88,199.87,1,7
2019-06-21 12:30:05.456000-04:00,1,12,12,199.88,199.87,1,6
2019-06-21 12:30:05.457000-04:00,1,12,12,199.88,199.87,1,5
2019-06-21 12:30:05.486000-04:00,1,12,12,199.88,199.87,1,4
2019-06-21 12:30:05.487000-04:00,1,12,12,199.88,199.87,1,5
2019-06-21 12:30:05.609000-04:00,1,12,12,199.88,199.87,1,6
2019-06-21 12:30:05.816000-04:00,1,12,12,199.88,199.87,1,5
2019-06-21 12:30:06.193000-04:00,1,12,12,199.88,199.87,1,4
2019-06-21 12:30:06.313000-04:00,1,12,12,199.88,199.87,1,5
2019-06-21 12:30:06.345000-04:00,1,12,12,199.88,199.87,1,4
2019-06-21 12:30:06.404000-04:00,1,12,12,199.88,199.87,1,5
2019-06-21 12:30:06.404000-04:00,1,12,12,199.88,199.87,1,6
2019-06-21 12:30:06.404000-04:00,1,12,12,199.88,199.87,1,7
2019-06-21 12:30:06.404000-04:00,1,12,12,199.88,199.87,1,8
2019-06-21 12:30:06.420000-04:00,1,12,12,199.88,199.87,1,7
2019-06-21 12:30:06.550000-04:00,1,19,12,199.88,199.86,2,7
2019-06-21 12:30:06.550000-04:00,1,19,12,199.88,199.86,2,8
2019-06-21 12:30:06.550000-04:00,1,19,12,199.88,199.86,2,9
2019-06-21 12:30:06.550000-04:00,1,19,12,199.88,199.86,2,10
2019-06-21 12:30:06.550000-04:00,1,19,12,199.88,199.86,2,9
2019-06-21 12:30:06.550000-04:00,1,19,12,199.87,199.86,2,1
2019-06-21 12:30:06.550000-04:00,1,19,12,199.87,199.86,2,2
2019-06-21 12:30:06.550000-04:00,1,10,12,199.87,199.86,2,2
2019-06-21 12:30:06.550000-04:00,1,19,12,199.87,199.86,2,2
2019-06-21 12:30:06.553000-04:00,1,19,12,199.87,199.86,2,1
2019-06-21 12:30:06.565000-04:00,1,19,8,199.87,199.86,2,1
2019-06-21 12:30:06.566000-04:00,1,19,12,199.88,199.86,2,8
2019-06-21 12:30:06.616000-04:00,1,19,12,199.88,199.86,2,7
2019-06-21 12:30:06.631000-04:00,1,19,12,199.88,199.86,1,7
2019-06-21 12:30:06.632000-04:00,1,19,12,199.87,199.86,1,2
2019-06-21 12:30:06.632000-04:00,1,19,12,199.87,199.86,1,3
2019-06-21 12:30:06.632000-04:00,1,19,12,199.87,199.86,1,4
2019-06-21 12:30:06.716000-04:00,1,19,12,199.87,199.86,1,3
2019-06-21 12:30:06.716000-04:00,1,19,12,199.87,199.86,1,2
2019-06-21 12:30:06.717000-04:00,1,19,8,199.87,199.86,1,2
2019-06-21 12:30:06.717000-04:00,1,12,8,199.87,199.86,2,2
2019-06-21 12:30:06.717000-04:00,1,12,8,199.87,199.86,3,2
2019-06-21 12:30:06.928000-04:00,1,12,8,199.87,199.86,3,1
2019-06-21 12:30:07.158000-04:00,1,12,8,199.87,199.86,4,1
2019-06-21 12:30:07.159000-04:00,1,12,8,199.87,199.86,4,1
2019-06-21 12:30:07.169000-04:00,1,12,8,199.87,199.86,3,1
2019-06-21 12:30:07.395000-04:00,1,12,8,199.87,199.86,2,1
2019-06-21 12:30:07.395000-04:00,1,19,8,199.87,199.86,1,1
2019-06-21 12:30:07.395000-04:00,1,19,12,199.87,199.86,1,2
2019-06-21 12:30:07.395000-04:00,1,19,12,199.87,199.86,1,3
2019-06-21 12:30:07.395000-04:00,1,19,12,199.87,199.86,1,2
2019-06-21 12:30:07.395000-04:00,1,19,12,199.87,199.86,1,3
2019-06-21 12:30:07.395000-04:00,1,12,12,199.87,199.86,1,3
2019-06-21 12:30:07.432000-04:00,1,19,12,199.87,199.86,1,3
2019-06-21 12:30:07.432000-04:00,1,19,12,199.87,199.86,1,4
2019-06-21 12:30:07.432000-04:00,1,19,12,199.87,199.86,1,3
2019-06-21 12:30:07.432000-04:00,1,19,12,199.87,199.86,1,4
2019-06-21 12:30:07.432000-04:00,1,12,12,199.87,199.85,15,4
2019-06-21 12:30:07.432000-04:00,1,12,19,199.86,199.85,15,1
2019-06-21 12:30:07.432000-04:00,1,12,19,199.86,199.86,1,1
2019-06-21 12:30:07.433000-04:00,1,12,8,199.86,199.86,1,1
2019-06-21 12:30:07.433000-04:00,1,12,12,199.87,199.86,1,4
2019-06-21 12:30:07.433000-04:00,1,8,12,199.87,199.86,3,4
2019-06-21 12:30:07.433000-04:00,1,12,12,199.87,199.86,2,4
2019-06-21 12:30:07.433000-04:00,1,12,12,199.87,199.86,2,3
2019-06-21 12:30:07.435000-04:00,1,12,12,199.87,199.86,3,3
2019-06-21 12:30:07.435000-04:00,1,12,12,199.87,199.86,3,2
2019-06-21 12:30:07.437000-04:00,1,12,18,199.87,199.86,3,1
2019-06-21 12:30:07.451000-04:00,1,12,18,199.87,199.86,3,2
2019-06-21 12:30:07.535000-04:00,1,12,18,199.87,199.86,4,2
2019-06-21 12:30:07.537000-04:00,1,12,18,199.87,199.86,3,2
2019-06-21 12:30:07.537000-04:00,1,12,18,199.87,199.86,3,1
2019-06-21 12:30:07.611000-04:00,1,12,12,199.87,199.86,3,1
2019-06-21 12:30:08.640000-04:00,1,12,12,199.87,199.86,3,2
2019-06-21 12:30:08.803000-04:00,1,8,12,199.87,199.86,2,2
2019-06-21 12:30:08.804000-04:00,1,12,12,199.87,199.86,3,2
2019-06-21 12:30:09.339000-04:00,1,8,12,199.87,199.86,2,2
2019-06-21 12:30:09.340000-04:00,1,12,12,199.87,199.86,3,2
2019-06-21 12:30:09.341000-04:00,1,8,12,199.87,199.86,2,2
2019-06-21 12:30:09.344000-04:00,1,12,12,199.87,199.86,3,2
2019-06-21 12:30:09.344000-04:00,1,12,12,199.87,199.86,4,2
2019-06-21 12:30:09.376000-04:00,1,12,12,199.87,199.86,3,2
2019-06-21 12:30:09.624000-04:00,1,8,12,199.87,199.86,2,2
2019-06-21 12:30:10.042000-04:00,1,12,12,199.87,199.86,3,2
2019-06-21 12:30:10.565000-04:00,1,12,12,199.87,199.86,4,2
2019-06-21 12:30:10.691000-04:00,1,12,12,199.87,199.86,3,2
2019-06-21 12:30:11.342000-04:00,1,12,12,199.87,199.86,3,1
2019-06-21 12:30:11.342000-04:00,1,12,19,199.88,199.86,3,2
2019-06-21 12:30:11.342000-04:00,1,12,19,199.88,199.87,1,2
2019-06-21 12:30:11.342000-04:00,1,12,10,199.88,199.87,1,2
2019-06-21 12:30:11.342000-04:00,1,12,10,199.88,199.87,4,2
2019-06-21 12:30:11.342000-04:00,1,12,10,199.88,199.87,5,2
2019-06-21 12:30:11.343000-04:00,1,12,8,199.88,199.87,5,1
2019-06-21 12:30:11.343000-04:00,1,12,8,199.88,199.87,6,1
2019-06-21 12:30:11.344000-04:00,1,12,8,199.88,199.87,5,1
2019-06-21 12:30:11.344000-04:00,1,12,8,199.88,199.87,6,1
2019-06-21 12:30:11.347000-04:00,1,12,8,199.88,199.87,7,1
2019-06-21 12:30:11.347000-04:00,1,12,8,199.88,199.87,8,1
2019-06-21 12:30:11.348000-04:00,1,12,11,199.89,199.87,8,1
2019-06-21 12:30:11.348000-04:00,1,12,11,199.89,199.88,1,1
2019-06-21 12:30:11.348000-04:00,1,12,11,199.89,199.88,2,1
2019-06-21 12:30:11.348000-04:00,1,12,18,199.89,199.88,2,1
2019-06-21 12:30:11.348000-04:00,1,12,18,199.89,199.88,3,1
2019-06-21 12:30:11.348000-04:00,1,12,19,199.9,199.88,3,3
2019-06-21 12:30:11.349000-04:00,1,12,12,199.9,199.88,3,3
2019-06-21 12:30:11.350000-04:00,1,12,12,199.9,199.88,4,3
2019-06-21 12:30:11.361000-04:00,1,12,12,199.9,199.88,5,3
2019-06-21 12:30:11.361000-04:00,1,12,12,199.9,199.88,6,3
2019-06-21 12:30:11.361000-04:00,1,12,19,199.9,199.88,6,2
2019-06-21 12:30:11.361000-04:00,1,12,12,199.9,199.88,6,2
2019-06-21 12:30:11.363000-04:00,1,12,12,199.9,199.88,5,2
2019-06-21 12:30:11.363000-04:00,1,12,12,199.9,199.88,4,2
2019-06-21 12:30:11.414000-04:00,1,12,12,199.9,199.88,5,2
2019-06-21 12:30:11.710000-04:00,1,12,12,199.9,199.88,6,2
2019-06-21 12:30:11.720000-04:00,1,19,12,199.9,199.89,1,2
2019-06-21 12:30:11.720000-04:00,1,19,12,199.9,199.89,2,2
2019-06-21 12:30:11.720000-04:00,1,19,11,199.9,199.89,2,1
2019-06-21 12:30:11.720000-04:00,1,19,11,199.9,199.89,1,1
2019-06-21 12:30:11.720000-04:00,1,12,11,199.9,199.88,6,1
2019-06-21 12:30:11.720000-04:00,1,12,12,199.9,199.88,6,1
2019-06-21 12:30:11.776000-04:00,1,19,12,199.9,199.89,1,1
2019-06-21 12:30:12.133000-04:00,1,19,11,199.9,199.89,1,1
2019-06-21 12:30:12.133000-04:00,1,12,11,199.9,199.89,2,1
2019-06-21 12:30:12.133000-04:00,1,12,15,199.9,199.89,2,1
2019-06-21 12:30:12.133000-04:00,1,12,12,199.9,199.89,2,1
2019-06-21 12:30:12.135000-04:00,1,12,18,199.9,199.89,3,1
2019-06-21 12:30:12.190000-04:00,1,12,12,199.9,199.89,3,1
2019-06-21 12:30:12.191000-04:00,1,12,12,199.9,199.89,2,1
2019-06-21 12:30:12.191000-04:00,1,12,12,199.9,199.89,3,1
2019-06-21 12:30:12.323000-04:00,1,12,12,199.9,199.89,2,1
2019-06-21 12:30:12.324000-04:00,1,19,12,199.9,199.89,1,1
2019-06-21 12:30:12.498000-04:00,1,19,12,199.9,199.89,1,2
2019-06-21 12:30:12.499000-04:00,1,19,12,199.9,199.89,1,3
2019-06-21 12:30:12.649000-04:00,1,19,12,199.9,199.89,1,2
2019-06-21 12:30:12.918000-04:00,1,19,18,199.9,199.89,1,1
2019-06-21 12:30:13.215000-04:00,1,12,18,199.9,199.89,2,1
2019-06-21 12:30:13.215000-04:00,1,12,18,199.9,199.89,3,1
2019-06-21 12:30:13.253000-04:00,1,12,18,199.9,199.89,4,1
2019-06-21 12:30:13.253000-04:00,1,12,18,199.9,199.89,5,1
2019-06-21 12:30:13.253000-04:00,1,12,15,199.9,199.89,5,1
2019-06-21 12:30:13.254000-04:00,1,12,12,199.91,199.89,5,3
2019-06-21 12:30:13.254000-04:00,1,12,12,199.91,199.89,4,3
2019-06-21 12:30:13.669000-04:00,1,12,12,199.91,199.89,4,4
2019-06-21 12:30:13.671000-04:00,1,12,12,199.91,199.89,3,4
2019-06-21 12:30:13.671000-04:00,1,12,12,199.9,199.89,3,1
2019-06-21 12:30:13.671000-04:00,1,12,12,199.9,199.89,2,1
2019-06-21 12:30:13.671000-04:00,1,19,12,199.9,199.89,1,2
2019-06-21 12:30:13.671000-04:00,1,19,12,199.9,199.89,1,3
2019-06-21 12:30:13.671000-04:00,1,19,12,199.9,199.89,1,4
2019-06-21 12:30:13.671000-04:00,1,19,12,199.9,199.89,1,5
2019-06-21 12:30:13.671000-04:00,1,19,12,199.9,199.89,1,6
2019-06-21 12:30:13.671000-04:00,1,11,12,199.9,199.89,1,6
2019-06-21 12:30:13.671000-04:00,1,11,12,199.9,199.89,1,7
2019-06-21 12:30:13.671000-04:00,1,11,12,199.9,199.89,1,8
2019-06-21 12:30:13.672000-04:00,1,12,12,199.9,199.88,2,8
2019-06-21 12:30:13.672000-04:00,1,12,19,199.89,199.88,2,1
2019-06-21 12:30:13.672000-04:00,1,12,12,199.89,199.88,2,2
2019-06-21 12:30:13.672000-04:00,1,12,12,199.89,199.88,2,3
2019-06-21 12:30:13.672000-04:00,1,12,12,199.89,199.88,2,2
2019-06-21 12:30:13.860000-04:00,1,12,12,199.89,199.88,2,1
2019-06-21 12:30:13.860000-04:00,1,12,12,199.89,199.88,3,1
2019-06-21 12:30:13.860000-04:00,1,12,12,199.9,199.88,3,5
2019-06-21 12:30:13.860000-04:00,1,12,12,199.9,199.88,3,4
2019-06-21 12:30:13.860000-04:00,1,12,12,199.9,199.88,3,3
2019-06-21 12:30:13.860000-04:00,1,12,12,199.9,199.88,3,2
2019-06-21 12:30:13.954000-04:00,1,12,12,199.9,199.88,3,1
2019-06-21 12:30:13.966000-04:00,1,12,18,199.9,199.88,4,1
2019-06-21 12:30:13.966000-04:00,1,12,18,199.9,199.89,1,1
2019-06-21 12:30:13.967000-04:00,1,12,12,199.9,199.89,2,1
2019-06-21 12:30:13.967000-04:00,1,12,12,199.9,199.89,1,1
2019-06-21 12:30:14.159000-04:00,1,12,18,199.9,199.88,4,1
2019-06-21 12:30:14.160000-04:00,1,10,18,199.9,199.88,3,1
2019-06-21 12:30:14.164000-04:00,1,12,18,199.9,199.88,3,1
2019-06-21 12:30:14.520000-04:00,1,12,18,199.9,199.88,4,1
2019-06-21 12:30:14.521000-04:00,1,12,18,199.9,199.88,5,1
2019-06-21 12:30:14.521000-04:00,1,12,18,199.9,199.88,6,1
2019-06-21 12:30:14.521000-04:00,1,12,18,199.9,199.89,1,1
2019-06-21 12:30:14.521000-04:00,1,12,18,199.9,199.89,2,1
2019-06-21 12:30:14.521000-04:00,1,12,18,199.9,199.89,3,1
2019-06-21 12:30:14.522000-04:00,1,12,12,199.91,199.89,3,3
2019-06-21 12:30:14.523000-04:00,1,10,12,199.91,199.89,3,3
2019-06-21 12:30:14.523000-04:00,1,12,12,199.91,199.89,2,3
2019-06-21 12:30:14.804000-04:00,1,12,12,199.91,199.89,2,2
2019-06-21 12:30:14.804000-04:00,1,12,12,199.91,199.89,2,3
2019-06-21 12:30:14.821000-04:00,1,12,12,199.91,199.89,2,2
2019-06-21 12:30:14.822000-04:00,1,12,11,199.91,199.89,2,1
2019-06-21 12:30:15.071000-04:00,1,12,11,199.91,199.89,3,1
2019-06-21 12:30:15.071000-04:00,1,12,11,199.91,199.89,4,1
2019-06-21 12:30:15.072000-04:00,1,12,11,199.91,199.89,5,1
2019-06-21 12:30:15.072000-04:00,1,12,12,199.91,199.89,5,1
2019-06-21 12:30:15.073000-04:00,1,12,12,199.91,199.89,4,1
2019-06-21 12:30:15.073000-04:00,1,12,12,199.91,199.89,3,1
2019-06-21 12:30:15.266000-04:00,1,12,12,199.91,199.89,2,1
2019-06-21 12:30:15.791000-04:00,1,12,12,199.91,199.89,2,2
2019-06-21 12:30:15.791000-04:00,1,12,12,199.91,199.89,2,3
2019-06-21 12:30:15.791000-04:00,1,15,12,199.91,199.89,1,3
2019-06-21 12:30:15.792000-04:00,1,12,12,199.91,199.89,1,3
2019-06-21 12:30:15.846000-04:00,1,15,12,199.91,199.89,1,4
2019-06-21 12:30:16.892000-04:00,1,15,12,199.91,199.89,1,3
2019-06-21 12:30:16.892000-04:00,1,15,12,199.91,199.89,1,2
2019-06-21 12:30:16.892000-04:00,1,15,18,199.91,199.89,1,1
2019-06-21 12:30:16.893000-04:00,1,10,18,199.91,199.89,2,1
2019-06-21 12:30:16.893000-04:00,1,10,18,199.91,199.89,3,1
2019-06-21 12:30:16.893000-04:00,1,15,18,199.91,199.89,1,1
2019-06-21 12:30:16.893000-04:00,1,10,18,199.91,199.89,1,1
2019-06-21 12:30:16.954000-04:00,1,15,12,199.91,199.89,1,2
2019-06-21 12:30:17.186000-04:00,1,15,12,199.9,199.89,1,1
2019-06-21 12:30:17.187000-04:00,1,15,12,199.9,199.89,1,2
2019-06-21 12:30:17.187000-04:00,1,15,12,199.9,199.89,1,3
2019-06-21 12:30:17.187000-04:00,1,15,12,199.9,199.89,1,4
2019-06-21 12:30:17.187000-04:00,1,15,12,199.9,199.89,1,5
2019-06-21 12:30:17.187000-04:00,1,12,12,199.9,199.88,4,5
2019-06-21 12:30:17.187000-04:00,1,12,12,199.9,199.88,4,4
2019-06-21 12:30:17.217000-04:00,1,12,12,199.9,199.88,4,3
2019-06-21 12:30:17.218000-04:00,1,12,12,199.9,199.89,1,3
2019-06-21 12:30:17.218000-04:00,1,12,12,199.9,199.89,2,3
2019-06-21 12:30:17.218000-04:00,1,12,12,199.9,199.89,3,3
2019-06-21 12:30:17.218000-04:00,1,12,12,199.9,199.89,3,2
2019-06-21 12:30:17.218000-04:00,1,12,12,199.9,199.89,3,1
2019-06-21 12:30:17.218000-04:00,1,12,12,199.9,199.89,2,1
2019-06-21 12:30:17.295000-04:00,1,12,12,199.9,199.89,1,1
2019-06-21 12:30:17.295000-04:00,1,12,12,199.9,199.88,4,1
2019-06-21 12:30:17.295000-04:00,1,12,12,199.9,199.88,4,2
2019-06-21 12:30:17.295000-04:00,1,12,12,199.9,199.88,3,3
2019-06-21 12:30:17.295000-04:00,1,12,12,199.9,199.88,3,4
2019-06-21 12:30:17.295000-04:00,1,12,12,199.89,199.88,3,1
2019-06-21 12:30:17.295000-04:00,1,12,12,199.89,199.88,3,2
2019-06-21 12:30:17.295000-04:00,1,10,12,199.89,199.88,2,2
2019-06-21 12:30:17.295000-04:00,1,12,12,199.89,199.88,2,2
2019-06-21 12:30:17.325000-04:00,1,12,12,199.89,199.88,2,1
2019-06-21 12:30:17.325000-04:00,1,12,12,199.9,199.88,2,5
2019-06-21 12:30:17.325000-04:00,1,12,12,199.9,199.88,2,4
2019-06-21 12:30:17.375000-04:00,1,12,12,199.9,199.88,1,4
2019-06-21 12:30:17.375000-04:00,1,12,12,199.9,199.87,5,4
2019-06-21 12:30:17.375000-04:00,1,12,12,199.89,199.87,5,1
2019-06-21 12:30:17.375000-04:00,1,12,12,199.89,199.87,5,2
2019-06-21 12:30:17.375000-04:00,1,12,12,199.89,199.87,5,3
2019-06-21 12:30:17.375000-04:00,1,12,12,199.89,199.87,4,3
2019-06-21 12:30:17.375000-04:00,1,12,12,199.89,199.87,3,3
2019-06-21 12:30:17.375000-04:00,1,3,12,199.89,199.87,2,3
2019-06-21 12:30:17.375000-04:00,1,3,12,199.89,199.87,2,4
2019-06-21 12:30:17.376000-04:00,1,12,12,199.89,199.87,2,6
2019-06-21 12:30:17.376000-04:00,1,12,12,199.89,199.87,2,5
2019-06-21 12:30:17.456000-04:00,1,12,12,199.89,199.87,1,5
2019-06-21 12:30:17.456000-04:00,1,10,12,199.89,199.86,3,5
2019-06-21 12:30:17.456000-04:00,1,10,12,199.88,199.86,3,1
2019-06-21 12:30:17.456000-04:00,1,10,12,199.88,199.86,3,2
2019-06-21 12:30:17.456000-04:00,1,10,12,199.88,199.86,3,3
2019-06-21 12:30:17.456000-04:00,1,10,12,199.88,199.86,3,4
2019-06-21 12:30:17.456000-04:00,1,10,12,199.88,199.86,3,5
2019-06-21 12:30:17.456000-04:00,1,8,12,199.88,199.86,2,5
2019-06-21 12:30:17.456000-04:00,1,12,12,199.88,199.86,2,4
2019-06-21 12:30:17.457000-04:00,1,12,12,199.88,199.86,2,3
2019-06-21 12:30:17.472000-04:00,1,12,12,199.88,199.86,3,3
2019-06-21 12:30:17.472000-04:00,1,12,12,199.88,199.86,3,2
2019-06-21 12:30:17.472000-04:00,1,12,12,199.88,199.86,4,2
2019-06-21 12:30:17.472000-04:00,1,12,19,199.88,199.86,4,1
2019-06-21 12:30:17.473000-04:00,1,12,8,199.88,199.86,4,1
2019-06-21 12:30:17.532000-04:00,1,10,8,199.88,199.86,3,1
2019-06-21 12:30:17.533000-04:00,1,12,8,199.88,199.86,3,1
2019-06-21 12:30:17.533000-04:00,1,11,8,199.88,199.86,2,1
2019-06-21 12:30:17.594000-04:00,1,12,8,199.88,199.86,3,1
2019-06-21 12:30:17.688000-04:00,1,12,8,199.88,199.86,2,1
2019-06-21 12:30:17.688000-04:00,1,11,8,199.88,199.86,1,1
2019-06-21 12:30:17.689000-04:00,1,12,8,199.88,199.86,2,1
2019-06-21 12:30:17.749000-04:00,1,11,8,199.88,199.86,1,1
2019-06-21 12:30:17.825000-04:00,1,11,18,199.88,199.86,1,1
2019-06-21 12:30:17.896000-04:00,1,11,12,199.88,199.86,1,2
2019-06-21 12:30:18.279000-04:00,1,11,12,199.88,199.86,1,3
2019-06-21 12:30:19.338000-04:00,1,11,12,199.88,199.86,1,2
2019-06-21 12:30:19.486000-04:00,1,10,12,199.88,199.86,2,2
2019-06-21 12:30:19.489000-04:00,1,10,18,199.88,199.86,2,1
2019-06-21 12:30:19.556000-04:00,1,10,12,199.88,199.86,2,2
2019-06-21 12:30:19.556000-04:00,1,10,18,199.88,199.86,2,1
2019-06-21 12:30:19.557000-04:00,1,15,18,199.88,199.86,1,1
2019-06-21 12:30:19.557000-04:00,1,10,18,199.88,199.86,2,1
2019-06-21 12:30:19.557000-04:00,1,15,18,199.88,199.86,1,1
2019-06-21 12:30:19.558000-04:00,1,15,12,199.88,199.86,1,2
2019-06-21 12:30:19.782000-04:00,1,8,12,199.88,199.86,1,2
2019-06-21 12:30:19.941000-04:00,1,8,18,199.88,199.86,1,1
2019-06-21 12:30:19.941000-04:00,1,10,18,199.88,199.86,2,1
2019-06-21 12:30:20.014000-04:00,1,8,18,199.88,199.86,1,1
2019-06-21 12:30:20.498000-04:00,1,12,18,199.88,199.86,2,1
2019-06-21 12:30:20.498000-04:00,1,12,18,199.88,199.86,3,1
2019-06-21 12:30:20.554000-04:00,1,12,18,199.88,199.86,2,1
2019-06-21 12:30:20.555000-04:00,1,10,18,199.88,199.86,2,1
2019-06-21 12:30:20.555000-04:00,1,12,18,199.88,199.86,3,1
2019-06-21 12:30:20.557000-04:00,1,10,18,199.88,199.86,2,1
2019-06-21 12:30:20.779000-04:00,1,10,12,199.88,199.86,2,2
2019-06-21 12:30:20.779000-04:00,1,10,18,199.88,199.86,2,1
2019-06-21 12:30:20.829000-04:00,1,15,18,199.88,199.86,1,1
2019-06-21 12:30:21.023000-04:00,1,12,18,199.88,199.86,2,1
2019-06-21 12:30:21.024000-04:00,1,10,18,199.88,199.86,3,1
2019-06-21 12:30:21.025000-04:00,1,10,18,199.88,199.86,2,1
2019-06-21 12:30:21.322000-04:00,1,12,18,199.88,199.86,2,1
2019-06-21 12:30:21.520000-04:00,1,15,18,199.88,199.86,1,1
2019-06-21 12:30:21.565000-04:00,1,8,18,199.88,199.86,1,1
2019-06-21 12:30:22.827000-04:00,1,8,12,199.88,199.86,1,2
2019-06-21 12:30:22.830000-04:00,1,8,12,199.88,199.86,1,3
2019-06-21 12:30:22.830000-04:00,1,8,12,199.88,199.86,1,4
2019-06-21 12:30:22.830000-04:00,1,8,12,199.88,199.86,1,5
2019-06-21 12:30:22.844000-04:00,1,8,12,199.87,199.86,1,1
2019-06-21 12:30:22.844000-04:00,1,8,12,199.87,199.86,1,2
2019-06-21 12:30:22.844000-04:00,1,8,12,199.87,199.86,1,1
2019-06-21 12:30:22.865000-04:00,1,11,12,199.87,199.86,1,1
2019-06-21 12:30:23.157000-04:00,1,12,15,199.87,199.86,4,1
2019-06-21 12:30:23.672000-04:00,1,12,19,199.87,199.86,4,2
2019-06-21 12:30:24.314000-04:00,1,12,12,199.87,199.86,4,3
2019-06-21 12:30:24.673000-04:00,1,12,12,199.87,199.86,4,4
2019-06-21 12:30:24.674000-04:00,1,12,12,199.87,199.86,4,5
2019-06-21 12:30:24.674000-04:00,1,12,12,199.87,199.86,4,6
2019-06-21 12:30:24.674000-04:00,1,12,12,199.87,199.86,3,6
2019-06-21 12:30:24.674000-04:00,1,12,12,199.87,199.86,2,6
2019-06-21 12:30:24.674000-04:00,1,19,12,199.87,199.86,1,6
2019-06-21 12:30:24.674000-04:00,1,19,12,199.87,199.86,1,5
2019-06-21 12:30:24.674000-04:00,1,19,12,199.87,199.86,1,6
2019-06-21 12:30:24.674000-04:00,1,11,12,199.87,199.86,1,7
2019-06-21 12:30:24.674000-04:00,1,11,12,199.87,199.86,1,8
2019-06-21 12:30:24.674000-04:00,1,11,12,199.87,199.86,1,9
2019-06-21 12:30:24.674000-04:00,1,11,12,199.86,199.86,1,1
2019-06-21 12:30:24.674000-04:00,1,11,12,199.86,199.86,1,2
2019-06-21 12:30:24.674000-04:00,1,11,12,199.86,199.86,1,3
2019-06-21 12:30:24.674000-04:00,1,11,12,199.86,199.86,1,5
2019-06-21 12:30:24.674000-04:00,1,11,12,199.86,199.86,1,6
2019-06-21 12:30:24.674000-04:00,1,12,12,199.86,199.85,9,6
2019-06-21 12:30:24.674000-04:00,1,12,12,199.86,199.85,9,5
2019-06-21 12:30:24.674000-04:00,1,12,12,199.86,199.85,9,4
2019-06-21 12:30:24.674000-04:00,1,12,12,199.86,199.85,9,3
2019-06-21 12:30:24.674000-04:00,1,12,12,199.86,199.85,9,4
2019-06-21 12:30:24.675000-04:00,1,12,12,199.86,199.85,9,5
2019-06-21 12:30:24.677000-04:00,1,12,12,199.86,199.85,9,4
2019-06-21 12:30:24.978000-04:00,1,12,12,199.86,199.85,9,3
2019-06-21 12:30:24.978000-04:00,1,12,12,199.86,199.85,9,2
2019-06-21 12:30:25.044000-04:00,1,12,12,199.86,199.85,9,1
2019-06-21 12:30:25.129000-04:00,1,12,12,199.87,199.85,9,7
2019-06-21 12:30:26.037000-04:00,1,12,12,199.87,199.85,9,6
2019-06-21 12:30:26.040000-04:00,1,12,12,199.87,199.85,11,6
2019-06-21 12:30:26.041000-04:00,1,12,12,199.87,199.85,12,6
2019-06-21 12:30:26.146000-04:00,1,12,12,199.87,199.85,11,6
2019-06-21 12:30:26.369000-04:00,1,12,8,199.86,199.85,11,1
2019-06-21 12:30:26.381000-04:00,1,12,8,199.86,199.85,12,1
2019-06-21 12:30:26.381000-04:00,1,12,12,199.87,199.85,12,6
2019-06-21 12:30:26.381000-04:00,1,12,12,199.87,199.85,11,6
2019-06-21 12:30:26.382000-04:00,1,8,12,199.87,199.86,1,6
2019-06-21 12:30:26.382000-04:00,1,8,12,199.87,199.86,1,5
2019-06-21 12:30:26.382000-04:00,1,8,12,199.87,199.86,1,4
2019-06-21 12:30:26.382000-04:00,1,8,12,199.87,199.86,1,3
2019-06-21 12:30:26.382000-04:00,1,12,12,199.87,199.85,11,3
2019-06-21 12:30:26.719000-04:00,1,12,12,199.87,199.85,11,4
2019-06-21 12:30:26.720000-04:00,1,12,12,199.87,199.85,11,3
2019-06-21 12:30:27.612000-04:00,1,12,12,199.87,199.85,12,3
2019-06-21 12:30:28.337000-04:00,1,12,12,199.87,199.85,11,3
2019-06-21 12:30:29.109000-04:00,1,12,12,199.87,199.85,12,3
2019-06-21 12:30:29.524000-04:00,1,12,19,199.87,199.85,12,2
2019-06-21 12:30:29.880000-04:00,1,12,19,199.87,199.85,13,2
2019-06-21 12:30:29.881000-04:00,1,12,19,199.87,199.86,1,2
2019-06-21 12:30:29.881000-04:00,1,12,19,199.87,199.86,2,2
2019-06-21 12:30:30.053000-04:00,1,10,19,199.87,199.86,2,2
2019-06-21 12:30:30.053000-04:00,1,12,19,199.87,199.86,3,2
2019-06-21 12:30:30.053000-04:00,1,12,19,199.87,199.86,4,2
2019-06-21 12:30:30.053000-04:00,1,12,19,199.87,199.86,5,2
2019-06-21 12:30:30.053000-04:00,1,12,19,199.87,199.86,6,2
2019-06-21 12:30:30.053000-04:00,1,12,19,199.87,199.86,7,2
2019-06-21 12:30:30.053000-04:00,1,12,19,199.87,199.86,8,2
2019-06-21 12:30:30.053000-04:00,1,12,19,199.87,199.86,9,2
2019-06-21 12:30:30.054000-04:00,1,12,19,199.87,199.86,9,1
2019-06-21 12:30:30.054000-04:00,1,12,7,199.87,199.86,9,1
2019-06-21 12:30:30.054000-04:00,1,12,12,199.89,199.86,9,3
2019-06-21 12:30:30.054000-04:00,1,12,12,199.89,199.86,9,2
2019-06-21 12:30:30.054000-04:00,1,12,12,199.89,199.86,10,2
2019-06-21 12:30:30.054000-04:00,1,12,12,199.89,199.87,1,2
2019-06-21 12:30:30.054000-04:00,1,12,12,199.89,199.87,2,2
2019-06-21 12:30:30.054000-04:00,1,12,12,199.89,199.87,3,2
2019-06-21 12:30:30.054000-04:00,1,12,11,199.89,199.87,3,1
2019-06-21 12:30:30.054000-04:00,1,12,18,199.88,199.87,3,1
2019-06-21 12:30:30.054000-04:00,1,12,18,199.88,199.87,4,1
2019-06-21 12:30:30.054000-04:00,1,12,12,199.9,199.87,5,2
2019-06-21 12:30:30.057000-04:00,1,12,19,199.9,199.88,1,2
2019-06-21 12:30:30.057000-04:00,1,12,19,199.9,199.88,2,2
2019-06-21 12:30:30.057000-04:00,1,12,19,199.89,199.88,2,1
2019-06-21 12:30:30.084000-04:00,1,12,19,199.89,199.88,1,1
2019-06-21 12:30:30.448000-04:00,1,19,19,199.89,199.88,1,1
2019-06-21 12:30:31.345000-04:00,1,12,11,199.89,199.87,3,1
2019-06-21 12:30:31.345000-04:00,1,12,12,199.89,199.87,3,2
2019-06-21 12:30:31.345000-04:00,1,12,12,199.89,199.87,3,3
2019-06-21 12:30:31.345000-04:00,1,12,12,199.89,199.87,2,3
2019-06-21 12:30:31.345000-04:00,1,8,12,199.89,199.87,1,3
2019-06-21 12:30:31.345000-04:00,1,8,12,199.89,199.87,1,4
2019-06-21 12:30:31.345000-04:00,1,8,12,199.89,199.87,1,5
2019-06-21 12:30:31.345000-04:00,1,8,12,199.88,199.87,1,1
2019-06-21 12:30:31.345000-04:00,1,11,12,199.88,199.87,1,1
2019-06-21 12:30:31.345000-04:00,1,11,12,199.88,199.87,1,2
2019-06-21 12:30:31.345000-04:00,1,11,12,199.88,199.87,1,3
2019-06-21 12:30:31.345000-04:00,1,12,12,199.88,199.87,1,3
2019-06-21 12:30:31.441000-04:00,1,12,12,199.88,199.87,1,2
2019-06-21 12:30:31.447000-04:00,1,10,12,199.88,199.86,3,2
2019-06-21 12:30:31.447000-04:00,1,10,12,199.88,199.86,3,3
2019-06-21 12:30:31.447000-04:00,1,10,12,199.88,199.86,3,4
2019-06-21 12:30:31.447000-04:00,1,10,12,199.88,199.86,3,5
2019-06-21 12:30:31.447000-04:00,1,10,12,199.88,199.86,3,4
2019-06-21 12:30:31.447000-04:00,1,10,12,199.88,199.86,3,5
2019-06-21 12:30:31.447000-04:00,1,10,12,199.88,199.86,2,5
2019-06-21 12:30:31.851000-04:00,1,12,12,199.88,199.86,2,4
2019-06-21 12:30:31.868000-04:00,1,12,12,199.88,199.86,1,4
2019-06-21 12:30:33.119000-04:00,1,12,12,199.88,199.86,2,4
2019-06-21 12:30:33.119000-04:00,1,12,12,199.88,199.86,2,3
2019-06-21 12:30:33.200000-04:00,1,12,12,199.88,199.86,3,3
2019-06-21 12:30:33.200000-04:00,1,12,12,199.88,199.86,4,3
2019-06-21 12:30:33.200000-04:00,1,12,12,199.88,199.86,4,2
2019-06-21 12:30:33.200000-04:00,1,12,12,199.88,199.87,1,2
2019-06-21 12:30:33.201000-04:00,1,12,12,199.88,199.87,2,2
2019-06-21 12:30:33.202000-04:00,1,12,12,199.88,199.86,3,2
2019-06-21 12:30:33.205000-04:00,1,10,12,199.88,199.86,2,2
2019-06-21 12:30:34.558000-04:00,1,12,12,199.88,199.86,1,2
2019-06-21 12:30:34.558000-04:00,1,12,12,199.88,199.86,2,2
2019-06-21 12:30:34.749000-04:00,1,10,12,199.88,199.86,3,2
2019-06-21 12:30:35.509000-04:00,1,12,12,199.88,199.86,4,2
2019-06-21 12:30:35.902000-04:00,1,12,12,199.88,199.86,6,2
2019-06-21 12:30:35.903000-04:00,1,10,12,199.88,199.87,2,2
2019-06-21 12:30:35.926000-04:00,1,12,12,199.88,199.87,1,2
2019-06-21 12:30:37.512000-04:00,1,12,12,199.88,199.86,4,2
2019-06-21 12:30:37.512000-04:00,1,12,12,199.88,199.86,4,3
2019-06-21 12:30:37.512000-04:00,1,12,12,199.88,199.86,4,4
2019-06-21 12:30:37.512000-04:00,1,12,12,199.88,199.86,4,5
2019-06-21 12:30:37.512000-04:00,1,12,12,199.87,199.86,4,1
2019-06-21 12:30:37.512000-04:00,1,12,12,199.87,199.86,4,2
2019-06-21 12:30:37.512000-04:00,1,12,12,199.87,199.86,4,3
2019-06-21 12:30:37.513000-04:00,1,12,12,199.87,199.86,4,2
2019-06-21 12:30:37.514000-04:00,1,12,12,199.87,199.86,5,2
2019-06-21 12:30:37.515000-04:00,1,12,12,199.87,199.86,4,2
2019-06-21 12:30:37.548000-04:00,1,12,12,199.87,199.86,5,2
2019-06-21 12:30:37.630000-04:00,1,12,12,199.87,199.86,4,2
2019-06-21 12:30:38.190000-04:00,1,12,12,199.87,199.86,4,3
2019-06-21 12:30:38.701000-04:00,1,19,12,199.87,199.86,6,3
2019-06-21 12:30:38.701000-04:00,1,19,12,199.87,199.86,11,3
2019-06-21 12:30:38.701000-04:00,1,19,12,199.87,199.86,11,2
2019-06-21 12:30:38.701000-04:00,1,19,12,199.87,199.86,11,1
2019-06-21 12:30:39.156000-04:00,1,19,19,199.87,199.86,11,1
2019-06-21 12:30:41.144000-04:00,1,12,19,199.87,199.86,12,1
2019-06-21 12:30:41.144000-04:00,1,12,12,199.88,199.86,12,3
2019-06-21 12:30:41.144000-04:00,1,12,12,199.88,199.86,12,2
2019-06-21 12:30:41.144000-04:00,1,12,12,199.88,199.87,1,2
2019-06-21 12:30:41.144000-04:00,1,12,12,199.88,199.87,2,2
2019-06-21 12:30:41.144000-04:00,1,12,12,199.88,199.87,3,2
2019-06-21 12:30:41.144000-04:00,1,12,12,199.88,199.87,4,2
2019-06-21 12:30:41.144000-04:00,1,12,12,199.88,199.87,6,2
2019-06-21 12:30:41.144000-04:00,1,12,12,199.88,199.87,7,2
2019-06-21 12:30:41.144000-04:00,1,12,10,199.88,199.87,7,1
2019-06-21 12:30:41.144000-04:00,1,12,10,199.88,199.87,6,1
2019-06-21 12:30:41.144000-04:00,1,12,10,199.88,199.87,5,1
2019-06-21 12:30:41.145000-04:00,1,12,12,199.88,199.87,5,1
2019-06-21 12:30:41.145000-04:00,1,12,12,199.88,199.87,4,1
2019-06-21 12:30:41.145000-04:00,1,10,12,199.88,199.87,4,1
2019-06-21 12:30:41.146000-04:00,1,10,12,199.88,199.87,3,1
2019-06-21 12:30:41.146000-04:00,1,10,10,199.88,199.87,3,1
2019-06-21 12:30:41.147000-04:00,1,10,10,199.88,199.87,2,1
2019-06-21 12:30:41.155000-04:00,1,12,10,199.88,199.87,3,1
2019-06-21 12:30:41.156000-04:00,1,10,10,199.88,199.87,2,1
2019-06-21 12:30:41.206000-04:00,1,10,12,199.88,199.87,2,2
2019-06-21 12:30:41.206000-04:00,1,15,12,199.88,199.87,1,2
2019-06-21 12:30:41.207000-04:00,1,12,12,199.88,199.87,1,2
2019-06-21 12:30:41.207000-04:00,1,19,12,199.88,199.86,11,2
2019-06-21 12:30:41.326000-04:00,1,19,12,199.88,199.86,11,3
2019-06-21 12:30:41.881000-04:00,1,12,12,199.88,199.86,9,3
2019-06-21 12:30:42.040000-04:00,1,12,12,199.88,199.86,10,3
2019-06-21 12:30:42.607000-04:00,1,12,12,199.88,199.86,9,3
2019-06-21 12:30:42.635000-04:00,1,12,12,199.88,199.86,8,3
2019-06-21 12:30:42.635000-04:00,1,12,12,199.88,199.87,1,3
2019-06-21 12:30:42.873000-04:00,1,12,12,199.88,199.86,8,3
2019-06-21 12:30:42.873000-04:00,1,12,12,199.87,199.86,8,1
2019-06-21 12:30:42.873000-04:00,1,12,12,199.87,199.86,8,2
2019-06-21 12:30:42.873000-04:00,1,12,12,199.87,199.86,7,2
2019-06-21 12:30:42.873000-04:00,1,12,12,199.87,199.86,7,3
2019-06-21 12:30:42.873000-04:00,1,12,12,199.87,199.86,7,4
2019-06-21 12:30:42.875000-04:00,1,12,12,199.87,199.86,7,3
2019-06-21 12:30:43.045000-04:00,1,12,12,199.87,199.86,7,4
2019-06-21 12:30:43.046000-04:00,1,12,12,199.87,199.86,7,3
2019-06-21 12:30:43.188000-04:00,1,12,12,199.87,199.86,7,2
2019-06-21 12:30:43.188000-04:00,1,12,12,199.87,199.86,7,1
2019-06-21 12:30:43.236000-04:00,1,12,12,199.87,199.86,8,1
2019-06-21 12:30:43.282000-04:00,1,12,12,199.87,199.86,7,1
2019-06-21 12:30:44.323000-04:00,1,12,12,199.87,199.86,7,2
2019-06-21 12:30:44.324000-04:00,1,12,12,199.87,199.86,7,3
2019-06-21 12:30:44.628000-04:00,1,12,12,199.87,199.86,7,2
2019-06-21 12:30:44.628000-04:00,1,12,17,199.87,199.86,7,1
2019-06-21 12:30:44.629000-04:00,1,12,12,199.87,199.86,7,1
2019-06-21 12:30:44.629000-04:00,1,12,17,199.87,199.86,8,1
2019-06-21 12:30:44.810000-04:00,1,12,12,199.87,199.86,8,1
2019-06-21 12:30:44.810000-04:00,1,12,12,199.87,199.86,7,1
2019-06-21 12:30:45.181000-04:00,1,12,12,199.87,199.86,8,1
2019-06-21 12:30:45.515000-04:00,1,12,12,199.87,199.86,7,1
2019-06-21 12:30:45.688000-04:00,1,12,12,199.87,199.86,7,2
2019-06-21 12:30:45.688000-04:00,1,12,12,199.87,199.86,7,1
2019-06-21 12:30:45.689000-04:00,1,12,12,199.87,199.86,7,2
2019-06-21 12:30:45.689000-04:00,1,12,12,199.87,199.86,6,2
2019-06-21 12:30:45.689000-04:00,1,12,12,199.87,199.86,5,2
2019-06-21 12:30:45.689000-04:00,1,12,12,199.87,199.86,4,2
2019-06-21 12:30:45.689000-04:00,1,19,12,199.87,199.86,3,2
2019-06-21 12:30:45.689000-04:00,1,19,12,199.87,199.86,3,3
2019-06-21 12:30:45.689000-04:00,1,19,12,199.87,199.86,3,4
2019-06-21 12:30:45.689000-04:00,1,19,12,199.87,199.86,3,5
2019-06-21 12:30:45.689000-04:00,1,19,12,199.87,199.86,3,6
2019-06-21 12:30:45.689000-04:00,1,19,12,199.87,199.86,3,7
2019-06-21 12:30:45.690000-04:00,1,19,12,199.87,199.86,3,9
2019-06-21 12:30:45.690000-04:00,1,19,12,199.87,199.86,3,10
2019-06-21 12:30:45.690000-04:00,1,19,12,199.87,199.86,2,10
2019-06-21 12:30:45.690000-04:00,1,8,12,199.87,199.86,1,10
2019-06-21 12:30:45.690000-04:00,1,8,12,199.87,199.86,1,11
2019-06-21 12:30:45.690000-04:00,1,11,12,199.87,199.86,1,11
2019-06-21 12:30:45.690000-04:00,1,11,12,199.87,199.86,1,12
2019-06-21 12:30:45.690000-04:00,1,11,12,199.86,199.86,1,1
2019-06-21 12:30:45.690000-04:00,1,11,12,199.86,199.86,1,2
2019-06-21 12:30:45.690000-04:00,1,11,12,199.86,199.86,1,3
2019-06-21 12:30:45.690000-04:00,1,11,12,199.86,199.86,1,4
2019-06-21 12:30:45.690000-04:00,1,11,12,199.86,199.86,1,5
2019-06-21 12:30:45.690000-04:00,1,11,12,199.86,199.86,1,4
2019-06-21 12:30:45.690000-04:00,1,12,12,199.86,199.85,8,4
2019-06-21 12:30:45.690000-04:00,1,11,12,199.86,199.85,8,5
2019-06-21 12:30:45.690000-04:00,1,11,12,199.86,199.85,8,4
2019-06-21 12:30:45.690000-04:00,1,11,12,199.86,199.85,8,3
2019-06-21 12:30:45.691000-04:00,1,11,12,199.86,199.85,8,3
2019-06-21 12:30:45.702000-04:00,1,11,12,199.86,199.85,8,2
2019-06-21 12:30:45.702000-04:00,1,12,12,199.86,199.85,9,2
2019-06-21 12:30:45.702000-04:00,1,12,12,199.86,199.85,9,1
2019-06-21 12:30:45.702000-04:00,1,11,12,199.86,199.85,8,1
2019-06-21 12:30:45.741000-04:00,1,11,12,199.87,199.85,8,8
2019-06-21 12:30:45.741000-04:00,1,11,12,199.87,199.85,8,7
2019-06-21 12:30:46.170000-04:00,1,11,12,199.87,199.85,8,8
2019-06-21 12:30:46.170000-04:00,1,11,12,199.87,199.85,8,9
2019-06-21 12:30:46.189000-04:00,1,11,12,199.87,199.85,8,8
2019-06-21 12:30:46.272000-04:00,1,11,12,199.86,199.85,8,1
2019-06-21 12:30:46.272000-04:00,1,11,12,199.86,199.85,8,2
2019-06-21 12:30:46.272000-04:00,1,11,12,199.86,199.85,8,3
2019-06-21 12:30:46.273000-04:00,1,11,12,199.86,199.85,8,2
2019-06-21 12:30:46.273000-04:00,1,11,12,199.86,199.85,8,1
2019-06-21 12:30:46.645000-04:00,1,11,12,199.87,199.85,8,7
2019-06-21 12:30:46.645000-04:00,1,11,12,199.87,199.85,8,8
2019-06-21 12:30:47.019000-04:00,1,12,12,199.87,199.85,8,8
2019-06-21 12:30:47.196000-04:00,1,11,12,199.87,199.85,8,9
2019-06-21 12:30:47.196000-04:00,1,11,12,199.86,199.85,8,1
2019-06-21 12:30:47.196000-04:00,1,11,12,199.86,199.85,8,2
2019-06-21 12:30:47.197000-04:00,1,11,12,199.86,199.85,8,3
2019-06-21 12:30:47.197000-04:00,1,11,12,199.86,199.85,8,4
2019-06-21 12:30:47.197000-04:00,1,11,12,199.86,199.85,8,5
2019-06-21 12:30:47.197000-04:00,1,11,12,199.86,199.85,8,6
2019-06-21 12:30:47.197000-04:00,1,11,12,199.86,199.85,8,7
2019-06-21 12:30:47.197000-04:00,1,11,12,199.86,199.85,8,8
2019-06-21 12:30:47.197000-04:00,1,11,12,199.86,199.85,8,9
2019-06-21 12:30:47.197000-04:00,1,11,12,199.86,199.85,8,8
2019-06-21 12:30:47.197000-04:00,1,11,12,199.86,199.85,1,11
2019-06-21 12:30:47.197000-04:00,1,11,12,199.85,199.85,1,1
2019-06-21 12:30:47.197000-04:00,1,11,12,199.85,199.85,1,3
2019-06-21 12:30:47.197000-04:00,1,11,12,199.85,199.85,1,4
2019-06-21 12:30:47.197000-04:00,1,10,12,199.85,199.84,2,5
2019-06-21 12:30:47.197000-04:00,1,10,12,199.85,199.84,2,6
2019-06-21 12:30:47.197000-04:00,1,10,12,199.85,199.84,2,7
2019-06-21 12:30:47.197000-04:00,1,10,12,199.85,199.84,2,6
2019-06-21 12:30:47.197000-04:00,1,10,12,199.85,199.84,2,7
2019-06-21 12:30:47.197000-04:00,1,10,12,199.85,199.84,2,6
2019-06-21 12:30:47.197000-04:00,1,10,12,199.85,199.84,1,6
2019-06-21 12:30:47.197000-04:00,1,10,12,199.85,199.84,1,7
2019-06-21 12:30:47.197000-04:00,1,12,12,199.85,199.84,1,7
2019-06-21 12:30:47.197000-04:00,1,17,12,199.85,199.83,1,7
2019-06-21 12:30:47.197000-04:00,1,17,12,199.85,199.83,1,8
2019-06-21 12:30:47.197000-04:00,1,17,12,199.84,199.83,1,1
2019-06-21 12:30:47.197000-04:00,1,12,12,199.84,199.82,2,1
2019-06-21 12:30:47.197000-04:00,1,17,12,199.84,199.82,2,2
2019-06-21 12:30:47.197000-04:00,1,17,12,199.84,199.82,2,3
2019-06-21 12:30:47.198000-04:00,1,17,12,199.84,199.82,2,4
2019-06-21 12:30:47.198000-04:00,1,17,12,199.84,199.82,2,5
2019-06-21 12:30:47.198000-04:00,1,17,12,199.84,199.82,2,4
2019-06-21 12:30:47.198000-04:00,1,17,12,199.84,199.82,2,5
2019-06-21 12:30:47.198000-04:00,1,17,12,199.84,199.82,2,4
2019-06-21 12:30:47.198000-04:00,1,17,12,199.84,199.82,2,5
2019-06-21 12:30:47.198000-04:00,1,17,12,199.84,199.82,2,4
2019-06-21 12:30:47.198000-04:00,1,12,12,199.84,199.82,2,4
2019-06-21 12:30:47.199000-04:00,1,12,12,199.84,199.83,1,4
2019-06-21 12:30:47.199000-04:00,1,12,12,199.84,199.83,2,4
2019-06-21 12:30:47.199000-04:00,1,12,12,199.84,199.83,2,3
2019-06-21 12:30:47.200000-04:00,1,12,12,199.84,199.83,3,3
2019-06-21 12:30:47.201000-04:00,1,12,12,199.84,199.83,2,3
2019-06-21 12:30:47.201000-04:00,1,12,12,199.84,199.83,1,3
2019-06-21 12:30:47.227000-04:00,1,12,12,199.84,199.83,1,2
2019-06-21 12:30:47.259000-04:00,1,12,12,199.84,199.83,2,2
2019-06-21 12:30:47.259000-04:00,1,12,12,199.84,199.83,2,1
2019-06-21 12:30:47.259000-04:00,1,12,12,199.85,199.83,2,5
2019-06-21 12:30:47.259000-04:00,1,12,12,199.85,199.83,2,4
2019-06-21 12:30:47.259000-04:00,1,12,12,199.85,199.83,2,5
2019-06-21 12:30:47.259000-04:00,1,15,12,199.85,199.83,1,5
2019-06-21 12:30:47.259000-04:00,1,12,12,199.85,199.83,2,5
2019-06-21 12:30:47.446000-04:00,1,12,12,199.85,199.83,1,5
2019-06-21 12:30:47.446000-04:00,1,12,12,199.85,199.83,1,6
2019-06-21 12:30:47.446000-04:00,1,12,12,199.85,199.83,1,7
2019-06-21 12:30:47.608000-04:00,1,12,12,199.85,199.83,1,6
2019-06-21 12:30:47.608000-04:00,1,12,12,199.85,199.83,1,5
2019-06-21 12:30:47.610000-04:00,1,12,12,199.85,199.83,2,5
2019-06-21 12:30:47.620000-04:00,1,12,8,199.84,199.83,2,1
2019-06-21 12:30:47.756000-04:00,1,12,8,199.84,199.83,1,1
2019-06-21 12:30:47.905000-04:00,1,12,8,199.84,199.83,2,1
2019-06-21 12:30:48.036000-04:00,1,12,12,199.84,199.83,2,2
2019-06-21 12:30:48.036000-04:00,1,15,12,199.84,199.83,1,2
2019-06-21 12:30:48.036000-04:00,1,15,12,199.84,199.83,1,3
2019-06-21 12:30:48.037000-04:00,1,15,12,199.84,199.83,1,4
2019-06-21 12:30:48.038000-04:00,1,12,12,199.84,199.83,1,4
2019-06-21 12:30:48.160000-04:00,1,10,12,199.84,199.82,2,4
2019-06-21 12:30:48.160000-04:00,1,10,12,199.84,199.82,2,3
2019-06-21 12:30:48.200000-04:00,1,19,12,199.84,199.82,1,3
2019-06-21 12:30:48.541000-04:00,1,15,12,199.84,199.82,1,3
2019-06-21 12:30:48.617000-04:00,1,19,12,199.84,199.82,1,3
2019-06-21 12:30:48.637000-04:00,1,12,12,199.84,199.81,3,3
2019-06-21 12:30:48.695000-04:00,1,10,12,199.84,199.82,2,3
2019-06-21 12:30:48.695000-04:00,1,10,12,199.84,199.82,3,3
2019-06-21 12:30:48.695000-04:00,1,10,12,199.84,199.82,4,3
2019-06-21 12:30:49.009000-04:00,1,10,12,199.84,199.82,2,3
2019-06-21 12:30:49.009000-04:00,1,10,12,199.84,199.82,1,3
2019-06-21 12:30:49.104000-04:00,1,10,12,199.84,199.82,3,3
2019-06-21 12:30:49.428000-04:00,1,10,12,199.84,199.82,3,4
2019-06-21 12:30:49.428000-04:00,1,10,12,199.84,199.82,3,5
2019-06-21 12:30:49.429000-04:00,1,12,12,199.84,199.82,3,5
2019-06-21 12:30:49.447000-04:00,1,12,12,199.84,199.82,3,4
2019-06-21 12:30:49.448000-04:00,1,12,12,199.84,199.82,4,4
2019-06-21 12:30:49.448000-04:00,1,12,12,199.84,199.82,5,4
2019-06-21 12:30:49.448000-04:00,1,12,12,199.84,199.82,6,4
2019-06-21 12:30:49.484000-04:00,1,12,12,199.84,199.82,5,4
2019-06-21 12:30:49.484000-04:00,1,12,12,199.84,199.82,5,3
2019-06-21 12:30:49.604000-04:00,1,12,12,199.84,199.83,1,3
2019-06-21 12:30:49.691000-04:00,1,12,19,199.84,199.83,1,2
2019-06-21 12:30:49.701000-04:00,1,12,12,199.84,199.83,1,3
2019-06-21 12:30:49.701000-04:00,1,12,12,199.84,199.82,4,3
2019-06-21 12:30:50.627000-04:00,1,12,12,199.84,199.82,5,3
2019-06-21 12:30:50.627000-04:00,1,12,12,199.84,199.83,1,3
2019-06-21 12:30:50.627000-04:00,1,12,19,199.84,199.83,1,2
2019-06-21 12:30:50.627000-04:00,1,10,19,199.84,199.83,2,2
2019-06-21 12:30:50.627000-04:00,1,10,19,199.84,199.83,3,2
2019-06-21 12:30:50.628000-04:00,1,12,19,199.84,199.83,3,2
2019-06-21 12:30:50.629000-04:00,1,12,19,199.84,199.83,2,2
2019-06-21 12:30:50.704000-04:00,1,12,8,199.84,199.83,2,1
2019-06-21 12:30:50.704000-04:00,1,12,8,199.84,199.83,4,1
2019-06-21 12:30:50.704000-04:00,1,12,19,199.84,199.83,4,1
2019-06-21 12:30:50.704000-04:00,1,12,19,199.84,199.83,4,1
2019-06-21 12:30:50.704000-04:00,1,12,19,199.84,199.83,5,1
2019-06-21 12:30:50.704000-04:00,1,12,11,199.84,199.83,4,1
2019-06-21 12:30:50.704000-04:00,1,12,19,199.84,199.83,4,1
2019-06-21 12:30:50.704000-04:00,1,12,19,199.84,199.84,1,1
2019-06-21 12:30:50.704000-04:00,1,12,19,199.84,199.84,2,1
2019-06-21 12:30:50.704000-04:00,1,12,12,199.85,199.84,2,4
2019-06-21 12:30:50.704000-04:00,1,12,12,199.85,199.84,3,4
2019-06-21 12:30:50.704000-04:00,1,12,12,199.85,199.84,3,3
2019-06-21 12:30:50.704000-04:00,1,12,11,199.85,199.84,3,1
2019-06-21 12:30:50.704000-04:00,1,12,12,199.85,199.84,3,1
2019-06-21 12:30:50.704000-04:00,1,12,11,199.85,199.84,4,1
2019-06-21 12:30:50.705000-04:00,1,12,11,199.85,199.84,5,1
2019-06-21 12:30:50.706000-04:00,1,12,11,199.85,199.84,4,1
2019-06-21 12:30:50.706000-04:00,1,12,11,199.85,199.84,3,1
2019-06-21 12:30:50.707000-04:00,1,12,11,199.85,199.84,4,1
2019-06-21 12:30:50.748000-04:00,1,12,11,199.85,199.84,5,1
2019-06-21 12:30:50.749000-04:00,1,12,12,199.86,199.84,5,10
2019-06-21 12:30:50.749000-04:00,1,12,12,199.86,199.84,5,9
2019-06-21 12:30:50.749000-04:00,1,12,12,199.86,199.84,4,9
2019-06-21 12:30:50.749000-04:00,1,12,12,199.86,199.84,4,8
2019-06-21 12:30:50.750000-04:00,1,12,12,199.86,199.84,5,8
2019-06-21 12:30:50.750000-04:00,1,12,12,199.86,199.85,1,8
2019-06-21 12:30:50.750000-04:00,1,12,12,199.86,199.85,1,7
2019-06-21 12:30:50.751000-04:00,1,12,12,199.86,199.84,4,7
2019-06-21 12:30:50.751000-04:00,1,12,12,199.86,199.84,3,7
2019-06-21 12:30:50.751000-04:00,1,10,12,199.86,199.85,2,7
2019-06-21 12:30:50.752000-04:00,1,10,12,199.86,199.85,3,7
2019-06-21 12:30:50.752000-04:00,1,10,12,199.86,199.85,1,7
2019-06-21 12:30:50.752000-04:00,1,12,12,199.86,199.84,3,7
2019-06-21 12:30:50.752000-04:00,1,12,12,199.86,199.84,3,6
2019-06-21 12:30:50.752000-04:00,1,10,12,199.86,199.84,4,6
2019-06-21 12:30:50.752000-04:00,1,10,12,199.86,199.84,5,6
2019-06-21 12:30:50.753000-04:00,1,12,12,199.86,199.84,3,6
2019-06-21 12:30:50.753000-04:00,1,12,12,199.86,199.85,1,6
2019-06-21 12:30:50.758000-04:00,1,12,12,199.86,199.85,2,6
2019-06-21 12:30:50.781000-04:00,1,12,12,199.86,199.85,3,6
2019-06-21 12:30:50.781000-04:00,1,12,12,199.86,199.85,4,6
2019-06-21 12:30:50.781000-04:00,1,12,12,199.86,199.85,5,6
2019-06-21 12:30:50.820000-04:00,1,12,12,199.86,199.85,4,6
2019-06-21 12:30:50.862000-04:00,1,12,12,199.86,199.85,5,6
2019-06-21 12:30:50.862000-04:00,1,12,12,199.86,199.85,5,4
2019-06-21 12:30:50.862000-04:00,1,12,12,199.86,199.85,5,1
2019-06-21 12:30:50.862000-04:00,1,12,11,199.87,199.85,5,1
2019-06-21 12:30:50.862000-04:00,1,12,11,199.87,199.86,1,1
2019-06-21 12:30:50.862000-04:00,1,12,11,199.87,199.86,2,1
2019-06-21 12:30:50.862000-04:00,1,12,11,199.87,199.86,3,1
2019-06-21 12:30:50.862000-04:00,1,12,11,199.87,199.86,4,1
2019-06-21 12:30:50.862000-04:00,1,12,11,199.87,199.86,6,1
2019-06-21 12:30:50.863000-04:00,1,12,11,199.87,199.86,7,1
2019-06-21 12:30:50.863000-04:00,1,12,11,199.87,199.86,6,1
2019-06-21 12:30:50.864000-04:00,1,12,11,199.87,199.86,5,1
2019-06-21 12:30:50.864000-04:00,1,12,11,199.87,199.86,4,1
2019-06-21 12:30:50.864000-04:00,1,12,11,199.87,199.86,3,1
2019-06-21 12:30:50.864000-04:00,1,12,11,199.87,199.86,4,1
2019-06-21 12:30:50.879000-04:00,1,12,11,199.87,199.86,3,1
2019-06-21 12:30:51.128000-04:00,1,12,11,199.87,199.86,4,1
2019-06-21 12:30:51.207000-04:00,1,12,11,199.87,199.86,3,1
2019-06-21 12:30:51.306000-04:00,1,12,11,199.87,199.86,4,1
2019-06-21 12:30:51.424000-04:00,1,12,11,199.87,199.86,5,1
2019-06-21 12:30:51.424000-04:00,1,12,11,199.87,199.86,6,1
2019-06-21 12:30:51.424000-04:00,1,12,11,199.87,199.86,7,1
2019-06-21 12:30:51.424000-04:00,1,12,11,199.87,199.86,8,1
2019-06-21 12:30:51.424000-04:00,1,12,11,199.87,199.86,7,1
2019-06-21 12:30:51.424000-04:00,1,12,11,199.87,199.86,6,1
2019-06-21 12:30:51.424000-04:00,1,12,19,199.88,199.86,6,2
2019-06-21 12:30:51.424000-04:00,1,12,19,199.88,199.86,7,2
2019-06-21 12:30:51.424000-04:00,1,12,19,199.88,199.86,7,1
2019-06-21 12:30:51.424000-04:00,1,12,19,199.88,199.87,2,1
2019-06-21 12:30:51.424000-04:00,1,12,19,199.88,199.87,3,1
2019-06-21 12:30:51.425000-04:00,1,12,19,199.88,199.87,3,1
2019-06-21 12:30:51.425000-04:00,1,10,19,199.88,199.87,3,1
2019-06-21 12:30:51.426000-04:00,1,12,19,199.88,199.87,2,1
2019-06-21 12:30:51.426000-04:00,1,12,19,199.88,199.87,3,1
2019-06-21 12:30:51.426000-04:00,1,12,12,199.89,199.87,3,4
2019-06-21 12:30:51.443000-04:00,1,12,12,199.89,199.87,4,4
2019-06-21 12:30:51.443000-04:00,1,12,12,199.89,199.87,5,4
2019-06-21 12:30:51.443000-04:00,1,12,12,199.89,199.87,4,4
2019-06-21 12:30:51.450000-04:00,1,12,12,199.89,199.87,3,4
2019-06-21 12:30:51.707000-04:00,1,10,12,199.89,199.87,2,4
2019-06-21 12:30:51.708000-04:00,1,12,12,199.89,199.87,3,4
2019-06-21 12:30:51.708000-04:00,1,12,12,199.89,199.87,4,4
2019-06-21 12:30:51.971000-04:00,1,12,12,199.89,199.87,3,4
2019-06-21 12:30:51.972000-04:00,1,12,12,199.89,199.87,2,4
2019-06-21 12:30:51.972000-04:00,1,12,12,199.89,199.87,1,4
2019-06-21 12:30:51.973000-04:00,1,12,12,199.89,199.86,3,4
2019-06-21 12:30:52.373000-04:00,1,12,12,199.89,199.86,4,4
2019-06-21 12:30:52.630000-04:00,1,12,12,199.89,199.87,1,4
2019-06-21 12:30:52.631000-04:00,1,10,12,199.89,199.87,2,4
2019-06-21 12:30:52.631000-04:00,1,10,12,199.89,199.87,3,4
2019-06-21 12:30:52.642000-04:00,1,10,12,199.89,199.87,2,4
2019-06-21 12:30:52.690000-04:00,1,12,12,199.89,199.87,1,4
2019-06-21 12:30:52.745000-04:00,1,12,12,199.89,199.87,2,4
2019-06-21 12:30:52.746000-04:00,1,10,12,199.89,199.87,3,4
2019-06-21 12:30:52.830000-04:00,1,12,12,199.89,199.87,2,4
2019-06-21 12:30:53.157000-04:00,1,12,12,199.89,199.87,3,4
2019-06-21 12:30:53.167000-04:00,1,12,12,199.89,199.87,2,4
2019-06-21 12:30:53.311000-04:00,1,12,12,199.89,199.87,3,4
2019-06-21 12:30:53.312000-04:00,1,12,12,199.89,199.87,4,4
2019-06-21 12:30:53.312000-04:00,1,12,12,199.89,199.87,4,3
2019-06-21 12:30:53.312000-04:00,1,19,12,199.89,199.88,1,3
2019-06-21 12:30:53.312000-04:00,1,19,12,199.89,199.88,1,2
2019-06-21 12:30:53.312000-04:00,1,12,12,199.89,199.88,2,2
2019-06-21 12:30:53.312000-04:00,1,10,12,199.89,199.88,3,2
2019-06-21 12:30:53.313000-04:00,1,12,12,199.89,199.88,2,2
2019-06-21 12:30:53.318000-04:00,1,12,12,199.89,199.88,3,2
2019-06-21 12:30:53.318000-04:00,1,12,12,199.89,199.88,4,2
2019-06-21 12:30:53.323000-04:00,1,12,12,199.89,199.88,3,2
2019-06-21 12:30:53.323000-04:00,1,10,12,199.89,199.88,2,2
2019-06-21 12:30:53.323000-04:00,1,12,12,199.89,199.88,1,2
2019-06-21 12:30:53.442000-04:00,1,19,12,199.89,199.88,1,3
2019-06-21 12:30:53.450000-04:00,1,19,12,199.89,199.88,1,2
2019-06-21 12:30:54.181000-04:00,1,19,12,199.89,199.88,1,3
2019-06-21 12:30:54.504000-04:00,1,19,12,199.89,199.88,1,2
2019-06-21 12:30:54.738000-04:00,1,19,15,199.89,199.88,1,1
2019-06-21 12:30:54.738000-04:00,1,10,15,199.89,199.88,2,1
2019-06-21 12:30:54.738000-04:00,1,10,15,199.89,199.88,3,1
2019-06-21 12:30:54.739000-04:00,1,10,18,199.89,199.88,3,1
2019-06-21 12:30:54.739000-04:00,1,10,18,199.89,199.88,2,1
2019-06-21 12:30:54.739000-04:00,1,19,18,199.89,199.88,1,1
2019-06-21 12:30:55.170000-04:00,1,19,12,199.89,199.88,1,2
2019-06-21 12:30:55.706000-04:00,1,8,12,199.89,199.88,1,2
2019-06-21 12:30:55.999000-04:00,1,8,18,199.89,199.88,1,1
2019-06-21 12:30:56.040000-04:00,1,12,18,199.89,199.88,2,1
2019-06-21 12:30:56.520000-04:00,1,12,18,199.89,199.88,3,1
2019-06-21 12:30:57.761000-04:00,1,12,12,199.89,199.88,3,2
2019-06-21 12:30:58.462000-04:00,1,12,18,199.89,199.88,3,1
2019-06-21 12:30:58.462000-04:00,1,12,12,199.89,199.88,3,2
2019-06-21 12:30:58.539000-04:00,1,12,12,199.89,199.88,2,2
2019-06-21 12:30:58.539000-04:00,1,8,12,199.89,199.88,1,2
2019-06-21 12:30:58.539000-04:00,1,8,12,199.89,199.88,1,3
2019-06-21 12:30:58.539000-04:00,1,8,12,199.89,199.88,1,4
2019-06-21 12:30:58.539000-04:00,1,8,12,199.89,199.88,1,5
2019-06-21 12:30:58.539000-04:00,1,8,12,199.89,199.88,1,6
2019-06-21 12:30:58.539000-04:00,1,10,12,199.89,199.87,3,6
2019-06-21 12:30:58.539000-04:00,1,10,12,199.89,199.87,3,6
2019-06-21 12:30:58.539000-04:00,1,10,12,199.88,199.87,3,1
2019-06-21 12:30:58.539000-04:00,1,10,12,199.88,199.87,3,2
2019-06-21 12:30:58.540000-04:00,1,10,12,199.88,199.87,3,4
2019-06-21 12:30:58.540000-04:00,1,10,12,199.88,199.87,1,4
2019-06-21 12:30:58.540000-04:00,1,10,12,199.88,199.87,1,6
2019-06-21 12:30:58.540000-04:00,1,19,12,199.88,199.87,1,6
2019-06-21 12:30:58.541000-04:00,1,19,12,199.88,199.87,1,5
2019-06-21 12:30:58.541000-04:00,1,19,12,199.88,199.87,1,4
2019-06-21 12:30:58.541000-04:00,1,19,12,199.88,199.87,1,3
2019-06-21 12:30:59.831000-04:00,1,11,12,199.88,199.87,1,3
2019-06-21 12:30:59.832000-04:00,1,11,12,199.88,199.87,1,2
2019-06-21 12:31:00.008000-04:00,1,11,12,199.88,199.87,1,3
2019-06-21 12:31:00.324000-04:00,1,11,12,199.88,199.87,1,2
2019-06-21 12:31:00.876000-04:00,1,11,12,199.88,199.87,1,3
2019-06-21 12:31:01.392000-04:00,1,11,12,199.88,199.87,1,2
2019-06-21 12:31:01.393000-04:00,1,10,12,199.88,199.87,2,2
2019-06-21 12:31:01.395000-04:00,1,11,12,199.88,199.87,1,2
2019-06-21 12:31:01.699000-04:00,1,19,12,199.88,199.87,1,2
2019-06-21 12:31:01.702000-04:00,1,19,12,199.88,199.87,1,3
2019-06-21 12:31:01.703000-04:00,1,19,12,199.88,199.87,1,4
2019-06-21 12:31:01.703000-04:00,1,19,12,199.88,199.87,1,5
2019-06-21 12:31:01.703000-04:00,1,19,12,199.88,199.87,1,6
2019-06-21 12:31:01.703000-04:00,1,11,12,199.88,199.87,1,6
2019-06-21 12:31:01.703000-04:00,1,11,12,199.88,199.87,1,7
2019-06-21 12:31:01.703000-04:00,1,11,12,199.88,199.87,1,8
2019-06-21 12:31:01.703000-04:00,1,11,12,199.87,199.87,1,1
2019-06-21 12:31:01.703000-04:00,1,11,12,199.87,199.87,1,2
2019-06-21 12:31:01.703000-04:00,1,10,12,199.87,199.86,3,2
2019-06-21 12:31:01.703000-04:00,1,10,12,199.87,199.86,3,3
2019-06-21 12:31:01.703000-04:00,1,12,12,199.87,199.85,4,3
2019-06-21 12:31:01.704000-04:00,1,12,12,199.87,199.85,4,2
2019-06-21 12:31:01.704000-04:00,1,12,11,199.87,199.85,4,2
2019-06-21 12:31:01.704000-04:00,1,12,12,199.87,199.85,4,1
2019-06-21 12:31:01.711000-04:00,1,11,12,199.87,199.85,4,1
2019-06-21 12:31:01.713000-04:00,1,11,12,199.87,199.85,4,2
2019-06-21 12:31:01.714000-04:00,1,11,12,199.87,199.85,4,3
2019-06-21 12:31:01.716000-04:00,1,11,12,199.87,199.85,4,4
2019-06-21 12:31:01.716000-04:00,1,11,12,199.87,199.85,4,5
2019-06-21 12:31:01.720000-04:00,1,11,12,199.86,199.85,4,1
2019-06-21 12:31:01.721000-04:00,1,12,12,199.86,199.85,3,1
2019-06-21 12:31:01.721000-04:00,1,12,12,199.86,199.85,4,1
2019-06-21 12:31:01.721000-04:00,1,12,12,199.86,199.85,5,1
2019-06-21 12:31:01.724000-04:00,1,12,12,199.86,199.85,4,1
2019-06-21 12:31:01.921000-04:00,1,12,12,199.86,199.85,3,1
2019-06-21 12:31:02.368000-04:00,1,12,11,199.86,199.85,3,1
2019-06-21 12:31:03.155000-04:00,1,12,11,199.86,199.85,4,1
2019-06-21 12:31:03.207000-04:00,1,12,11,199.86,199.85,4,2
2019-06-21 12:31:03.999000-04:00,1,12,11,199.86,199.85,5,2
2019-06-21 12:31:04.154000-04:00,1,12,11,199.86,199.85,6,2
2019-06-21 12:31:04.154000-04:00,1,12,11,199.86,199.85,7,2
2019-06-21 12:31:04.154000-04:00,1,12,11,199.86,199.85,8,2
2019-06-21 12:31:04.154000-04:00,1,12,11,199.86,199.85,7,2
2019-06-21 12:31:04.154000-04:00,1,12,11,199.86,199.85,8,2
2019-06-21 12:31:04.154000-04:00,1,12,11,199.86,199.85,9,2
2019-06-21 12:31:04.154000-04:00,1,12,11,199.86,199.85,10,2
2019-06-21 12:31:04.154000-04:00,1,12,12,199.88,199.85,10,3
2019-06-21 12:31:04.154000-04:00,1,12,12,199.88,199.85,10,2
2019-06-21 12:31:04.154000-04:00,1,12,11,199.88,199.86,1,2
2019-06-21 12:31:04.154000-04:00,1,12,11,199.88,199.86,2,2
2019-06-21 12:31:04.154000-04:00,1,12,11,199.88,199.86,3,2
2019-06-21 12:31:04.154000-04:00,1,12,11,199.88,199.86,2,2
2019-06-21 12:31:04.154000-04:00,1,12,12,199.88,199.86,2,2
2019-06-21 12:31:04.155000-04:00,1,12,12,199.88,199.86,3,2
2019-06-21 12:31:04.155000-04:00,1,12,11,199.88,199.86,4,2
2019-06-21 12:31:04.156000-04:00,1,12,11,199.88,199.86,5,2
2019-06-21 12:31:04.217000-04:00,1,12,11,199.88,199.86,4,2
2019-06-21 12:31:04.374000-04:00,1,12,12,199.88,199.86,4,2
2019-06-21 12:31:04.376000-04:00,1,12,12,199.88,199.86,3,2
2019-06-21 12:31:04.376000-04:00,1,12,11,199.87,199.86,3,1
2019-06-21 12:31:04.683000-04:00,1,10,11,199.87,199.86,2,1
2019-06-21 12:31:04.684000-04:00,1,12,11,199.87,199.86,2,1
2019-06-21 12:31:04.684000-04:00,1,12,11,199.87,199.86,3,1
2019-06-21 12:31:04.684000-04:00,1,12,11,199.87,199.86,4,1
2019-06-21 12:31:04.700000-04:00,1,12,11,199.87,199.86,3,1
2019-06-21 12:31:05.330000-04:00,1,19,11,199.87,199.86,2,1
2019-06-21 12:31:05.565000-04:00,1,12,11,199.87,199.85,9,1
2019-06-21 12:31:05.575000-04:00,1,12,19,199.87,199.85,9,2
2019-06-21 12:31:05.660000-04:00,1,12,11,199.87,199.85,9,1
2019-06-21 12:31:05.660000-04:00,1,12,11,199.87,199.85,10,1
2019-06-21 12:31:05.994000-04:00,1,12,11,199.87,199.86,1,1
2019-06-21 12:31:05.996000-04:00,1,10,11,199.87,199.86,2,1
2019-06-21 12:31:05.996000-04:00,1,10,11,199.87,199.86,3,1
2019-06-21 12:31:06.019000-04:00,1,12,11,199.87,199.86,1,1
2019-06-21 12:31:06.128000-04:00,1,12,11,199.87,199.85,10,1
2019-06-21 12:31:06.277000-04:00,1,12,11,199.87,199.85,9,1
2019-06-21 12:31:06.712000-04:00,1,12,15,199.87,199.85,9,1
2019-06-21 12:31:07.271000-04:00,1,12,15,199.87,199.86,1,1
2019-06-21 12:31:07.271000-04:00,1,10,15,199.87,199.86,2,1
2019-06-21 12:31:07.272000-04:00,1,10,12,199.88,199.86,2,3
2019-06-21 12:31:07.326000-04:00,1,12,12,199.88,199.86,1,3
2019-06-21 12:31:07.747000-04:00,1,19,12,199.88,199.86,2,3
2019-06-21 12:31:07.747000-04:00,1,12,12,199.88,199.86,1,3
2019-06-21 12:31:07.748000-04:00,1,12,12,199.88,199.86,1,2
2019-06-21 12:31:07.748000-04:00,1,10,12,199.88,199.86,2,2
2019-06-21 12:31:07.748000-04:00,1,12,12,199.88,199.87,1,2
2019-06-21 12:31:07.748000-04:00,1,12,12,199.88,199.87,2,2
2019-06-21 12:31:07.748000-04:00,1,12,12,199.88,199.87,3,2
2019-06-21 12:31:07.748000-04:00,1,12,12,199.88,199.87,4,2
2019-06-21 12:31:07.749000-04:00,1,12,12,199.88,199.87,3,2
2019-06-21 12:31:07.751000-04:00,1,10,12,199.88,199.87,3,2
2019-06-21 12:31:07.752000-04:00,1,12,12,199.88,199.87,3,2
2019-06-21 12:31:07.753000-04:00,1,10,12,199.88,199.87,2,2
2019-06-21 12:31:07.755000-04:00,1,12,12,199.88,199.87,1,2
2019-06-21 12:31:07.764000-04:00,1,10,12,199.88,199.87,2,2
2019-06-21 12:31:07.779000-04:00,1,12,12,199.88,199.87,1,2
2019-06-21 12:31:07.853000-04:00,1,12,12,199.88,199.87,2,2
2019-06-21 12:31:08.008000-04:00,1,12,12,199.88,199.87,1,2
2019-06-21 12:31:08.010000-04:00,1,10,12,199.88,199.86,4,2
2019-06-21 12:31:08.025000-04:00,1,10,12,199.88,199.86,4,3
2019-06-21 12:31:08.025000-04:00,1,10,12,199.88,199.86,4,4
2019-06-21 12:31:09.010000-04:00,1,10,12,199.87,199.86,4,1
2019-06-21 12:31:09.010000-04:00,1,10,12,199.87,199.86,4,2
2019-06-21 12:31:09.010000-04:00,1,10,12,199.87,199.86,4,3
2019-06-21 12:31:09.010000-04:00,1,10,12,199.87,199.86,4,4
2019-06-21 12:31:09.010000-04:00,1,10,12,199.87,199.86,4,5
2019-06-21 12:31:09.011000-04:00,1,10,12,199.87,199.86,3,5
2019-06-21 12:31:09.011000-04:00,1,10,12,199.87,199.86,1,5
2019-06-21 12:31:09.011000-04:00,1,12,12,199.87,199.85,10,5
2019-06-21 12:31:09.011000-04:00,1,12,12,199.87,199.86,1,5
2019-06-21 12:31:09.013000-04:00,1,12,12,199.87,199.86,1,4
2019-06-21 12:31:09.157000-04:00,1,12,12,199.87,199.86,2,4
2019-06-21 12:31:09.157000-04:00,1,12,12,199.87,199.86,2,3
2019-06-21 12:31:09.158000-04:00,1,12,12,199.87,199.86,1,3
2019-06-21 12:31:10.429000-04:00,1,12,11,199.87,199.86,1,2
2019-06-21 12:31:10.475000-04:00,1,12,11,199.87,199.86,1,1
2019-06-21 12:31:11.172000-04:00,1,12,11,199.87,199.85,9,1
2019-06-21 12:31:11.172000-04:00,1,12,11,199.87,199.85,8,1
2019-06-21 12:31:11.172000-04:00,1,12,12,199.87,199.85,8,2
2019-06-21 12:31:11.172000-04:00,1,12,12,199.87,199.85,7,2
2019-06-21 12:31:11.172000-04:00,1,12,12,199.87,199.85,6,2
2019-06-21 12:31:11.172000-04:00,1,12,12,199.87,199.85,5,2
2019-06-21 12:31:11.172000-04:00,1,12,12,199.87,199.85,5,3
2019-06-21 12:31:11.173000-04:00,1,12,12,199.87,199.85,6,3
2019-06-21 12:31:11.173000-04:00,1,12,12,199.87,199.85,7,3
2019-06-21 12:31:11.202000-04:00,1,12,12,199.87,199.85,6,3
2019-06-21 12:31:11.485000-04:00,1,12,12,199.87,199.85,5,3
2019-06-21 12:31:11.602000-04:00,1,12,12,199.87,199.85,5,2
2019-06-21 12:31:11.711000-04:00,1,12,12,199.87,199.85,5,3
2019-06-21 12:31:12.040000-04:00,1,12,12,199.87,199.85,8,3
2019-06-21 12:31:12.129000-04:00,1,12,12,199.87,199.85,8,2
2019-06-21 12:31:12.176000-04:00,1,12,12,199.87,199.85,9,2
2019-06-21 12:31:12.176000-04:00,1,12,11,199.87,199.85,9,1
2019-06-21 12:31:12.433000-04:00,1,12,12,199.87,199.85,9,2
2019-06-21 12:31:12.451000-04:00,1,12,12,199.87,199.85,8,2
2019-06-21 12:31:12.451000-04:00,1,12,12,199.87,199.85,8,3
2019-06-21 12:31:13.993000-04:00,1,12,12,199.87,199.85,9,3
2019-06-21 12:31:14.432000-04:00,1,12,11,199.87,199.85,9,3
2019-06-21 12:31:14.451000-04:00,1,12,11,199.87,199.85,10,3
2019-06-21 12:31:14.452000-04:00,1,12,11,199.87,199.86,1,3
2019-06-21 12:31:14.452000-04:00,1,12,11,199.87,199.86,2,3
2019-06-21 12:31:15.986000-04:00,1,12,11,199.87,199.86,1,3
2019-06-21 12:31:15.987000-04:00,1,12,11,199.87,199.86,1,2
2019-06-21 12:31:15.987000-04:00,1,12,11,199.87,199.85,11,2
2019-06-21 12:31:15.987000-04:00,1,12,11,199.87,199.85,10,2
2019-06-21 12:31:15.987000-04:00,1,12,11,199.87,199.85,9,2
2019-06-21 12:31:15.987000-04:00,1,12,11,199.87,199.85,8,2
2019-06-21 12:31:15.987000-04:00,1,12,12,199.87,199.85,8,3
2019-06-21 12:31:15.988000-04:00,1,12,12,199.87,199.86,1,3
2019-06-21 12:31:15.988000-04:00,1,12,11,199.87,199.86,1,2
2019-06-21 12:31:15.989000-04:00,1,12,12,199.87,199.86,1,3
2019-06-21 12:31:15.989000-04:00,1,12,12,199.87,199.86,2,3
2019-06-21 12:31:15.989000-04:00,1,12,12,199.87,199.86,1,3
2019-06-21 12:31:15.990000-04:00,1,12,12,199.87,199.85,8,3
2019-06-21 12:31:15.992000-04:00,1,12,12,199.87,199.85,9,3
2019-06-21 12:31:15.992000-04:00,1,12,12,199.87,199.85,10,3
2019-06-21 12:31:15.994000-04:00,1,12,12,199.87,199.85,9,3
2019-06-21 12:31:16.008000-04:00,1,12,11,199.87,199.85,9,2
2019-06-21 12:31:16.008000-04:00,1,12,11,199.87,199.85,10,2
2019-06-21 12:31:16.161000-04:00,1,12,11,199.87,199.85,9,2
2019-06-21 12:31:16.965000-04:00,1,12,11,199.87,199.85,8,2
2019-06-21 12:31:17.254000-04:00,1,12,11,199.87,199.85,9,2
2019-06-21 12:31:17.679000-04:00,1,12,11,199.87,199.85,8,2
2019-06-21 12:31:18.227000-04:00,1,12,11,199.87,199.85,10,2
2019-06-21 12:31:18.228000-04:00,1,12,11,199.87,199.85,11,2
2019-06-21 12:31:18.228000-04:00,1,12,11,199.87,199.86,1,2
2019-06-21 12:31:18.228000-04:00,1,12,11,199.87,199.86,2,2
2019-06-21 12:31:18.228000-04:00,1,12,11,199.87,199.86,3,2
2019-06-21 12:31:18.229000-04:00,1,12,11,199.87,199.86,4,2
2019-06-21 12:31:18.230000-04:00,1,12,11,199.87,199.86,3,2
2019-06-21 12:31:18.232000-04:00,1,12,11,199.87,199.86,4,2
2019-06-21 12:31:18.671000-04:00,1,12,11,199.87,199.86,3,2
2019-06-21 12:31:18.671000-04:00,1,10,11,199.87,199.86,2,2
2019-06-21 12:31:18.671000-04:00,1,12,11,199.87,199.86,2,2
2019-06-21 12:31:18.727000-04:00,1,12,11,199.87,199.86,3,2
2019-06-21 12:31:18.727000-04:00,1,12,11,199.87,199.86,4,2
2019-06-21 12:31:18.727000-04:00,1,12,11,199.87,199.86,3,2
2019-06-21 12:31:19.617000-04:00,1,12,11,199.87,199.86,2,2
2019-06-21 12:31:19.617000-04:00,1,12,11,199.87,199.86,1,2
2019-06-21 12:31:19.619000-04:00,1,12,11,199.87,199.85,11,2
2019-06-21 12:31:19.891000-04:00,1,12,11,199.87,199.85,9,2
2019-06-21 12:31:19.891000-04:00,1,12,11,199.87,199.85,10,2
2019-06-21 12:31:19.891000-04:00,1,12,11,199.87,199.86,1,2
2019-06-21 12:31:20.252000-04:00,1,12,11,199.87,199.86,2,2
2019-06-21 12:31:20.580000-04:00,1,12,11,199.87,199.86,1,2
2019-06-21 12:31:20.700000-04:00,1,12,11,199.87,199.86,2,2
2019-06-21 12:31:20.701000-04:00,1,12,11,199.87,199.86,4,2
2019-06-21 12:31:20.759000-04:00,1,12,11,199.87,199.86,3,2
2019-06-21 12:31:21.318000-04:00,1,12,11,199.87,199.86,2,2
2019-06-21 12:31:21.618000-04:00,1,19,11,199.87,199.86,1,2
2019-06-21 12:31:21.740000-04:00,1,12,11,199.87,199.86,2,2
2019-06-21 12:31:24.705000-04:00,1,11,11,199.87,199.86,1,2
2019-06-21 12:31:24.706000-04:00,1,12,11,199.87,199.86,2,2
2019-06-21 12:31:24.835000-04:00,1,12,11,199.87,199.86,3,2
2019-06-21 12:31:25.097000-04:00,1,12,11,199.87,199.86,4,2
2019-06-21 12:31:25.097000-04:00,1,12,11,199.87,199.86,5,2
2019-06-21 12:31:25.097000-04:00,1,12,11,199.87,199.86,6,2
2019-06-21 12:31:25.097000-04:00,1,12,11,199.87,199.86,7,2
2019-06-21 12:31:25.097000-04:00,1,12,11,199.87,199.86,8,2
2019-06-21 12:31:25.097000-04:00,1,12,11,199.87,199.86,9,2
2019-06-21 12:31:25.097000-04:00,1,12,11,199.87,199.86,8,2
2019-06-21 12:31:25.097000-04:00,1,12,11,199.87,199.86,9,2
2019-06-21 12:31:25.097000-04:00,1,12,11,199.87,199.86,8,2
2019-06-21 12:31:25.098000-04:00,1,12,11,199.87,199.86,9,2
2019-06-21 12:31:25.098000-04:00,1,12,11,199.87,199.86,8,2
2019-06-21 12:31:25.098000-04:00,1,12,10,199.87,199.86,8,1
2019-06-21 12:31:25.098000-04:00,1,12,12,199.88,199.86,8,2
2019-06-21 12:31:25.098000-04:00,1,11,12,199.88,199.87,2,2
2019-06-21 12:31:25.098000-04:00,1,12,12,199.88,199.87,3,2
2019-06-21 12:31:25.098000-04:00,1,12,12,199.88,199.87,4,2
2019-06-21 12:31:25.098000-04:00,1,12,12,199.88,199.87,5,2
2019-06-21 12:31:25.098000-04:00,1,12,12,199.88,199.87,6,2
2019-06-21 12:31:25.102000-04:00,1,12,12,199.88,199.87,5,2
2019-06-21 12:31:25.103000-04:00,1,12,12,199.88,199.87,4,2
2019-06-21 12:31:25.103000-04:00,1,12,12,199.88,199.87,3,2
2019-06-21 12:31:25.103000-04:00,1,12,12,199.88,199.87,2,2
2019-06-21 12:31:25.163000-04:00,1,12,12,199.88,199.87,2,1
2019-06-21 12:31:25.163000-04:00,1,12,12,199.88,199.87,3,1
2019-06-21 12:31:25.163000-04:00,1,12,12,199.88,199.87,4,1
2019-06-21 12:31:25.163000-04:00,1,12,12,199.88,199.87,5,1
2019-06-21 12:31:25.164000-04:00,1,12,19,199.89,199.87,5,2
2019-06-21 12:31:25.164000-04:00,1,12,19,199.89,199.88,1,2
2019-06-21 12:31:25.164000-04:00,1,12,19,199.89,199.88,2,2
2019-06-21 12:31:25.164000-04:00,1,12,19,199.89,199.88,3,2
2019-06-21 12:31:25.164000-04:00,1,12,19,199.89,199.88,4,2
2019-06-21 12:31:25.164000-04:00,1,12,19,199.89,199.88,4,1
2019-06-21 12:31:25.164000-04:00,1,12,15,199.89,199.88,4,1
2019-06-21 12:31:25.164000-04:00,1,12,19,199.89,199.88,4,1
2019-06-21 12:31:25.169000-04:00,1,12,19,199.89,199.88,3,1
2019-06-21 12:31:25.170000-04:00,1,12,19,199.89,199.88,2,1
2019-06-21 12:31:25.170000-04:00,1,19,19,199.89,199.88,2,1
2019-06-21 12:31:25.170000-04:00,1,12,19,199.89,199.88,1,1
2019-06-21 12:31:25.194000-04:00,1,10,19,199.89,199.88,2,1
2019-06-21 12:31:25.231000-04:00,1,12,19,199.89,199.88,1,1
2019-06-21 12:31:25.334000-04:00,1,12,19,199.89,199.88,4,1
2019-06-21 12:31:25.412000-04:00,1,12,19,199.89,199.88,5,1
2019-06-21 12:31:25.412000-04:00,1,12,12,199.89,199.88,5,2
2019-06-21 12:31:25.412000-04:00,1,12,15,199.89,199.88,5,1
2019-06-21 12:31:25.412000-04:00,1,12,15,199.89,199.88,6,1
2019-06-21 12:31:25.412000-04:00,1,12,15,199.89,199.88,7,1
2019-06-21 12:31:25.412000-04:00,1,12,15,199.89,199.88,6,1
2019-06-21 12:31:25.413000-04:00,1,12,19,199.9,199.88,6,2
2019-06-21 12:31:25.414000-04:00,1,12,8,199.9,199.88,6,2
2019-06-21 12:31:25.414000-04:00,1,12,8,199.9,199.88,7,2
2019-06-21 12:31:25.414000-04:00,1,12,8,199.9,199.88,6,2
2019-06-21 12:31:25.414000-04:00,1,12,8,199.9,199.89,1,2
2019-06-21 12:31:25.414000-04:00,1,12,8,199.9,199.89,2,2
2019-06-21 12:31:25.414000-04:00,1,12,8,199.9,199.89,3,2
2019-06-21 12:31:25.417000-04:00,1,12,8,199.9,199.89,2,2
2019-06-21 12:31:25.417000-04:00,1,19,8,199.9,199.89,2,2
2019-06-21 12:31:25.417000-04:00,1,10,8,199.9,199.89,2,2
2019-06-21 12:31:25.418000-04:00,1,12,8,199.9,199.89,1,2
2019-06-21 12:31:25.577000-04:00,1,12,8,199.9,199.88,7,2
2019-06-21 12:31:25.714000-04:00,1,12,8,199.9,199.88,6,2
2019-06-21 12:31:26.524000-04:00,1,12,8,199.9,199.88,5,2
2019-06-21 12:31:26.599000-04:00,1,12,8,199.9,199.88,6,2
2019-06-21 12:31:26.855000-04:00,1,19,8,199.9,199.89,1,2
2019-06-21 12:31:26.855000-04:00,1,12,8,199.9,199.89,2,2
2019-06-21 12:31:26.855000-04:00,1,12,8,199.9,199.89,3,2
2019-06-21 12:31:26.857000-04:00,1,12,8,199.9,199.89,2,2
2019-06-21 12:31:26.864000-04:00,1,12,8,199.9,199.89,1,2
2019-06-21 12:31:27.293000-04:00,1,12,8,199.9,199.89,2,2
2019-06-21 12:31:27.368000-04:00,1,10,8,199.9,199.89,2,2
2019-06-21 12:31:27.368000-04:00,1,19,8,199.9,199.89,1,2
2019-06-21 12:31:27.569000-04:00,1,12,8,199.9,199.89,2,2
2019-06-21 12:31:27.576000-04:00,1,10,8,199.9,199.89,2,2
2019-06-21 12:31:27.577000-04:00,1,12,8,199.9,199.89,2,2
2019-06-21 12:31:27.601000-04:00,1,19,8,199.9,199.89,1,2
2019-06-21 12:31:28.041000-04:00,1,12,8,199.9,199.89,5,2
2019-06-21 12:31:28.240000-04:00,1,12,8,199.9,199.89,4,2
2019-06-21 12:31:28.850000-04:00,1,12,8,199.9,199.89,5,2
2019-06-21 12:31:30.210000-04:00,1,12,8,199.9,199.89,5,1
2019-06-21 12:31:30.210000-04:00,1,12,8,199.9,199.89,6,1
2019-06-21 12:31:30.210000-04:00,1,12,12,199.9,199.89,6,1
2019-06-21 12:31:30.210000-04:00,1,12,12,199.91,199.89,6,3
2019-06-21 12:31:30.211000-04:00,1,12,12,199.91,199.89,6,2
2019-06-21 12:31:30.211000-04:00,1,12,12,199.91,199.9,1,2
2019-06-21 12:31:30.211000-04:00,1,12,12,199.91,199.9,2,2
2019-06-21 12:31:30.211000-04:00,1,12,12,199.91,199.9,3,2
2019-06-21 12:31:30.211000-04:00,1,12,12,199.91,199.9,4,2
2019-06-21 12:31:30.211000-04:00,1,12,12,199.91,199.9,3,2
2019-06-21 12:31:30.211000-04:00,1,12,12,199.91,199.9,4,2
2019-06-21 12:31:30.211000-04:00,1,12,12,199.91,199.9,3,2
2019-06-21 12:31:30.211000-04:00,1,12,12,199.91,199.9,2,2
2019-06-21 12:31:30.215000-04:00,1,12,12,199.91,199.9,1,2
2019-06-21 12:31:30.339000-04:00,1,8,12,199.91,199.9,1,3
2019-06-21 12:31:30.339000-04:00,1,8,12,199.91,199.9,1,4
2019-06-21 12:31:30.344000-04:00,1,8,12,199.91,199.9,1,3
2019-06-21 12:31:30.964000-04:00,1,8,12,199.91,199.9,1,2
2019-06-21 12:31:30.965000-04:00,1,10,12,199.91,199.9,2,2
2019-06-21 12:31:30.979000-04:00,1,12,12,199.91,199.9,2,2
2019-06-21 12:31:31.222000-04:00,1,8,12,199.91,199.9,1,2
2019-06-21 12:31:31.348000-04:00,1,12,12,199.91,199.9,4,2
2019-06-21 12:31:31.549000-04:00,1,12,12,199.91,199.9,3,2
2019-06-21 12:31:31.974000-04:00,1,12,12,199.91,199.9,3,3
2019-06-21 12:31:31.997000-04:00,1,12,12,199.91,199.9,4,3
2019-06-21 12:31:36.364000-04:00,1,12,12,199.91,199.9,5,3
2019-06-21 12:31:36.364000-04:00,1,12,12,199.91,199.9,6,3
2019-06-21 12:31:36.924000-04:00,1,12,12,199.91,199.9,7,3
2019-06-21 12:31:36.925000-04:00,1,12,12,199.91,199.9,8,3
2019-06-21 12:31:36.925000-04:00,1,12,12,199.91,199.9,9,3
2019-06-21 12:31:36.925000-04:00,1,12,12,199.91,199.9,8,3
2019-06-21 12:31:36.926000-04:00,1,12,12,199.91,199.9,7,3
2019-06-21 12:31:37.408000-04:00,1,12,12,199.91,199.9,6,3
2019-06-21 12:31:38.493000-04:00,1,12,12,199.91,199.9,6,4
2019-06-21 12:31:38.497000-04:00,1,12,12,199.91,199.9,3,4
2019-06-21 12:31:38.497000-04:00,1,11,12,199.91,199.9,2,5
2019-06-21 12:31:38.497000-04:00,1,11,12,199.91,199.9,2,6
2019-06-21 12:31:38.497000-04:00,1,11,12,199.91,199.9,2,7
2019-06-21 12:31:38.497000-04:00,1,11,12,199.91,199.9,2,8
2019-06-21 12:31:38.497000-04:00,1,11,12,199.91,199.9,2,9
2019-06-21 12:31:38.497000-04:00,1,11,12,199.9,199.9,2,1
2019-06-21 12:31:38.497000-04:00,1,11,12,199.9,199.9,2,2
2019-06-21 12:31:38.497000-04:00,1,11,12,199.9,199.9,2,5
2019-06-21 12:31:38.497000-04:00,1,11,12,199.9,199.9,2,6
2019-06-21 12:31:38.497000-04:00,1,10,12,199.9,199.89,1,6
2019-06-21 12:31:38.497000-04:00,1,10,12,199.9,199.89,1,5
2019-06-21 12:31:38.497000-04:00,1,10,12,199.9,199.89,1,6
2019-06-21 12:31:38.497000-04:00,1,10,12,199.9,199.89,1,5
2019-06-21 12:31:38.497000-04:00,1,10,12,199.9,199.89,1,5
2019-06-21 12:31:38.498000-04:00,1,19,12,199.9,199.89,1,5
2019-06-21 12:31:38.498000-04:00,1,19,12,199.9,199.89,1,6
2019-06-21 12:31:38.498000-04:00,1,12,12,199.9,199.89,1,6
2019-06-21 12:31:38.498000-04:00,1,19,12,199.9,199.89,1,7
2019-06-21 12:31:38.502000-04:00,1,19,12,199.9,199.89,1,6
2019-06-21 12:31:38.507000-04:00,1,19,12,199.9,199.89,1,5
2019-06-21 12:31:38.650000-04:00,1,19,12,199.9,199.89,1,6
2019-06-21 12:31:38.650000-04:00,1,12,12,199.9,199.89,1,6
2019-06-21 12:31:38.650000-04:00,1,12,12,199.9,199.89,1,7
2019-06-21 12:31:38.650000-04:00,1,10,12,199.9,199.88,4,7
2019-06-21 12:31:38.650000-04:00,1,10,12,199.9,199.88,4,6
2019-06-21 12:31:38.650000-04:00,1,10,12,199.89,199.88,4,2
2019-06-21 12:31:38.650000-04:00,1,10,12,199.89,199.88,4,3
2019-06-21 12:31:38.650000-04:00,1,10,12,199.89,199.88,4,2
2019-06-21 12:31:38.650000-04:00,1,10,12,199.89,199.88,2,1
2019-06-21 12:31:38.651000-04:00,1,12,12,199.89,199.88,2,1
2019-06-21 12:31:38.651000-04:00,1,12,12,199.89,199.88,2,2
2019-06-21 12:31:38.651000-04:00,1,12,12,199.89,199.88,2,3
2019-06-21 12:31:38.680000-04:00,1,12,12,199.89,199.88,2,2
2019-06-21 12:31:38.991000-04:00,1,12,12,199.89,199.88,2,3
2019-06-21 12:31:38.991000-04:00,1,12,12,199.89,199.88,2,4
2019-06-21 12:31:38.991000-04:00,1,12,12,199.89,199.88,1,4
2019-06-21 12:31:38.999000-04:00,1,12,12,199.89,199.88,1,3
2019-06-21 12:31:39.157000-04:00,1,12,12,199.89,199.88,2,3
2019-06-21 12:31:39.328000-04:00,1,12,12,199.89,199.88,2,2
2019-06-21 12:31:39.328000-04:00,1,12,12,199.89,199.88,2,1
2019-06-21 12:31:39.413000-04:00,1,12,12,199.89,199.88,2,2
2019-06-21 12:31:39.413000-04:00,1,12,12,199.89,199.88,2,3
2019-06-21 12:31:39.413000-04:00,1,12,12,199.89,199.88,2,4
2019-06-21 12:31:39.425000-04:00,1,12,12,199.89,199.88,2,3
2019-06-21 12:31:39.885000-04:00,1,12,12,199.89,199.88,1,3
2019-06-21 12:31:39.885000-04:00,1,10,12,199.89,199.87,3,3
2019-06-21 12:31:39.885000-04:00,1,10,12,199.88,199.87,3,1
2019-06-21 12:31:39.885000-04:00,1,10,12,199.88,199.87,3,2
2019-06-21 12:31:39.885000-04:00,1,10,12,199.88,199.87,3,3
2019-06-21 12:31:39.885000-04:00,1,10,12,199.88,199.87,3,4
2019-06-21 12:31:39.886000-04:00,1,11,12,199.88,199.87,1,4
2019-06-21 12:31:39.886000-04:00,1,10,12,199.88,199.87,1,4
2019-06-21 12:31:39.886000-04:00,1,12,12,199.88,199.86,3,4
2019-06-21 12:31:39.886000-04:00,1,12,12,199.88,199.86,3,5
2019-06-21 12:31:39.886000-04:00,1,12,12,199.88,199.87,1,5
2019-06-21 12:31:39.886000-04:00,1,12,12,199.88,199.87,1,4
2019-06-21 12:31:39.961000-04:00,1,10,12,199.88,199.86,4,4
2019-06-21 12:31:40.011000-04:00,1,12,12,199.88,199.86,3,4
2019-06-21 12:31:40.383000-04:00,1,12,12,199.88,199.86,2,4
2019-06-21 12:31:40.945000-04:00,1,12,12,199.88,199.86,2,5
2019-06-21 12:31:40.946000-04:00,1,12,12,199.88,199.86,2,6
2019-06-21 12:31:40.946000-04:00,1,12,12,199.88,199.86,3,6
2019-06-21 12:31:40.946000-04:00,1,12,12,199.88,199.86,3,5
2019-06-21 12:31:40.961000-04:00,1,12,12,199.88,199.86,3,4
2019-06-21 12:31:41.114000-04:00,1,12,12,199.88,199.86,3,3
2019-06-21 12:31:41.403000-04:00,1,12,12,199.88,199.86,3,2
2019-06-21 12:31:41.427000-04:00,1,10,12,199.88,199.86,3,3
2019-06-21 12:31:41.515000-04:00,1,10,12,199.88,199.86,3,2
2019-06-21 12:31:41.517000-04:00,1,10,19,199.88,199.86,3,1
2019-06-21 12:31:41.517000-04:00,1,10,2,199.88,199.86,3,1
2019-06-21 12:31:41.520000-04:00,1,12,2,199.88,199.87,1,1
2019-06-21 12:31:41.603000-04:00,1,10,2,199.88,199.87,2,1
2019-06-21 12:31:41.603000-04:00,1,10,2,199.88,199.87,3,1
2019-06-21 12:31:41.614000-04:00,1,12,2,199.88,199.87,1,1
2019-06-21 12:31:42.040000-04:00,1,12,2,199.88,199.87,2,1
2019-06-21 12:31:42.040000-04:00,1,12,2,199.88,199.87,3,1
2019-06-21 12:31:42.273000-04:00,1,12,2,199.88,199.87,4,1
2019-06-21 12:31:42.333000-04:00,1,12,2,199.88,199.87,3,1
2019-06-21 12:31:42.626000-04:00,1,12,12,199.88,199.87,3,2
2019-06-21 12:31:43.198000-04:00,1,12,12,199.88,199.87,3,3
2019-06-21 12:31:43.237000-04:00,1,12,12,199.88,199.87,4,3
2019-06-21 12:31:43.237000-04:00,1,12,12,199.88,199.87,4,2
2019-06-21 12:31:43.237000-04:00,1,12,12,199.88,199.87,3,2
2019-06-21 12:31:43.237000-04:00,1,12,12,199.88,199.87,4,2
2019-06-21 12:31:43.237000-04:00,1,12,12,199.88,199.87,4,1
2019-06-21 12:31:43.237000-04:00,1,12,12,199.88,199.87,3,1
2019-06-21 12:31:43.667000-04:00,1,12,12,199.88,199.87,2,1
2019-06-21 12:31:43.667000-04:00,1,11,12,199.88,199.87,1,1
2019-06-21 12:31:43.676000-04:00,1,11,12,199.88,199.87,1,2
2019-06-21 12:31:43.676000-04:00,1,11,12,199.88,199.87,1,3
2019-06-21 12:31:43.839000-04:00,1,11,12,199.88,199.87,1,2
2019-06-21 12:31:44.874000-04:00,1,12,12,199.88,199.87,2,2
2019-06-21 12:31:44.874000-04:00,1,12,17,199.88,199.87,2,1
2019-06-21 12:31:44.874000-04:00,1,12,18,199.88,199.87,2,1
2019-06-21 12:31:44.874000-04:00,1,12,18,199.88,199.87,3,1
2019-06-21 12:31:44.874000-04:00,1,12,15,199.88,199.87,3,1
2019-06-21 12:31:44.875000-04:00,1,12,15,199.88,199.87,2,1
2019-06-21 12:31:44.875000-04:00,1,10,15,199.88,199.87,3,1
2019-06-21 12:31:44.875000-04:00,1,10,12,199.88,199.87,3,1
2019-06-21 12:31:44.875000-04:00,1,12,12,199.88,199.87,2,1
2019-06-21 12:31:45.151000-04:00,1,11,12,199.88,199.87,1,1
2019-06-21 12:31:45.182000-04:00,1,11,19,199.88,199.87,1,2
2019-06-21 12:31:45.182000-04:00,1,11,12,199.88,199.87,1,1
2019-06-21 12:31:45.204000-04:00,1,11,12,199.88,199.87,1,2
2019-06-21 12:31:45.705000-04:00,1,11,12,199.88,199.87,1,3
2019-06-21 12:31:45.705000-04:00,1,11,12,199.88,199.87,1,4
2019-06-21 12:31:45.756000-04:00,1,11,12,199.88,199.87,1,3
2019-06-21 12:31:45.756000-04:00,1,11,12,199.88,199.87,1,2
2019-06-21 12:31:45.861000-04:00,1,11,15,199.88,199.87,1,1
2019-06-21 12:31:46.277000-04:00,1,11,12,199.88,199.87,1,2
2019-06-21 12:31:46.309000-04:00,1,11,12,199.88,199.87,1,3
2019-06-21 12:31:46.310000-04:00,1,11,12,199.88,199.87,1,2
2019-06-21 12:31:46.318000-04:00,1,11,15,199.88,199.87,1,1
2019-06-21 12:31:46.847000-04:00,1,12,15,199.88,199.87,2,1
2019-06-21 12:31:46.848000-04:00,1,12,15,199.88,199.87,3,1
2019-06-21 12:31:46.849000-04:00,1,12,18,199.88,199.87,3,1
2019-06-21 12:31:46.849000-04:00,1,12,8,199.88,199.87,3,1
2019-06-21 12:31:46.850000-04:00,1,19,8,199.88,199.87,4,1
2019-06-21 12:31:46.850000-04:00,1,12,8,199.88,199.87,3,1
2019-06-21 12:31:46.927000-04:00,1,12,8,199.88,199.87,4,1
2019-06-21 12:31:46.927000-04:00,1,12,11,199.89,199.87,5,2
2019-06-21 12:31:46.927000-04:00,1,12,11,199.89,199.87,7,2
2019-06-21 12:31:46.927000-04:00,1,12,11,199.89,199.88,1,2
2019-06-21 12:31:46.927000-04:00,1,12,11,199.89,199.88,3,2
2019-06-21 12:31:46.927000-04:00,1,12,11,199.89,199.88,2,2
2019-06-21 12:31:46.927000-04:00,1,12,11,199.89,199.88,3,2
2019-06-21 12:31:46.928000-04:00,1,12,11,199.89,199.88,2,2
2019-06-21 12:31:46.929000-04:00,1,12,11,199.89,199.88,3,1
2019-06-21 12:31:47.029000-04:00,1,12,11,199.89,199.88,4,1
2019-06-21 12:31:47.038000-04:00,1,12,11,199.89,199.88,3,1
2019-06-21 12:31:47.153000-04:00,1,12,11,199.89,199.88,3,2
2019-06-21 12:31:47.580000-04:00,1,12,11,199.89,199.88,4,2
2019-06-21 12:31:47.866000-04:00,1,12,11,199.89,199.88,3,2
2019-06-21 12:31:48.080000-04:00,1,12,11,199.89,199.88,4,2
2019-06-21 12:31:48.308000-04:00,1,12,11,199.89,199.88,3,2
2019-06-21 12:31:48.309000-04:00,1,12,11,199.89,199.88,2,2
2019-06-21 12:31:49.446000-04:00,1,10,11,199.89,199.88,3,2
2019-06-21 12:31:49.447000-04:00,1,12,11,199.89,199.88,3,2
2019-06-21 12:31:49.451000-04:00,1,12,11,199.89,199.88,4,2
2019-06-21 12:31:49.602000-04:00,1,12,11,199.89,199.88,5,2
2019-06-21 12:31:49.702000-04:00,1,12,11,199.89,199.88,4,2
2019-06-21 12:31:49.705000-04:00,1,12,11,199.89,199.88,5,2
2019-06-21 12:31:50.006000-04:00,1,12,11,199.89,199.88,6,2
2019-06-21 12:31:50.006000-04:00,1,12,11,199.89,199.88,7,2
2019-06-21 12:31:50.619000-04:00,1,12,11,199.89,199.88,8,2
2019-06-21 12:31:50.619000-04:00,1,12,12,199.9,199.88,8,1
2019-06-21 12:31:50.619000-04:00,1,12,12,199.9,199.88,7,1
2019-06-21 12:31:50.619000-04:00,1,12,12,199.9,199.88,7,2
2019-06-21 12:31:50.619000-04:00,1,19,12,199.9,199.89,1,2
2019-06-21 12:31:50.619000-04:00,1,19,12,199.9,199.89,2,2
2019-06-21 12:31:50.620000-04:00,1,12,12,199.9,199.89,4,2
2019-06-21 12:31:50.620000-04:00,1,12,12,199.9,199.89,5,2
2019-06-21 12:31:50.620000-04:00,1,12,11,199.9,199.89,5,1
2019-06-21 12:31:50.621000-04:00,1,12,11,199.9,199.89,4,1
2019-06-21 12:31:50.834000-04:00,1,12,12,199.9,199.89,4,1
2019-06-21 12:31:51.140000-04:00,1,19,12,199.9,199.89,3,1
2019-06-21 12:31:51.140000-04:00,1,12,12,199.9,199.89,3,1
2019-06-21 12:31:51.310000-04:00,1,12,11,199.9,199.89,3,2
2019-06-21 12:31:51.310000-04:00,1,19,11,199.9,199.89,2,2
2019-06-21 12:31:51.310000-04:00,1,12,11,199.9,199.89,2,2
2019-06-21 12:31:51.478000-04:00,1,12,11,199.9,199.89,1,2
2019-06-21 12:31:51.528000-04:00,1,19,11,199.9,199.89,1,2
2019-06-21 12:31:51.586000-04:00,1,12,11,199.9,199.89,3,2
2019-06-21 12:31:51.916000-04:00,1,12,12,199.9,199.89,3,3
2019-06-21 12:31:51.916000-04:00,1,12,12,199.9,199.89,3,4
2019-06-21 12:31:51.919000-04:00,1,12,12,199.9,199.89,3,5
2019-06-21 12:31:51.919000-04:00,1,12,12,199.9,199.89,3,4
2019-06-21 12:31:51.923000-04:00,1,12,12,199.9,199.89,3,3
2019-06-21 12:31:51.938000-04:00,1,12,11,199.9,199.89,3,2
2019-06-21 12:31:52.017000-04:00,1,12,11,199.9,199.89,2,2
2019-06-21 12:31:53.441000-04:00,1,12,11,199.9,199.89,2,1
2019-06-21 12:31:53.989000-04:00,1,12,11,199.9,199.89,3,1
2019-06-21 12:31:53.989000-04:00,1,12,12,199.9,199.89,3,2
2019-06-21 12:31:53.989000-04:00,1,12,12,199.9,199.89,3,3
2019-06-21 12:31:53.989000-04:00,1,12,12,199.9,199.89,2,3
2019-06-21 12:31:53.989000-04:00,1,12,12,199.9,199.89,2,2
2019-06-21 12:31:53.989000-04:00,1,12,12,199.9,199.89,3,2
2019-06-21 12:31:53.989000-04:00,1,12,11,199.9,199.89,3,1
2019-06-21 12:31:55.157000-04:00,1,12,12,199.9,199.89,3,1
2019-06-21 12:31:55.323000-04:00,1,19,11,199.9,199.89,3,1
2019-06-21 12:31:55.617000-04:00,1,12,11,199.9,199.89,4,1
2019-06-21 12:31:56.363000-04:00,1,12,12,199.91,199.89,4,3
2019-06-21 12:31:56.363000-04:00,1,12,12,199.91,199.89,4,4
2019-06-21 12:31:56.363000-04:00,1,19,12,199.91,199.89,3,4
2019-06-21 12:31:56.363000-04:00,1,19,12,199.91,199.89,3,5
2019-06-21 12:31:56.363000-04:00,1,12,12,199.91,199.89,3,5
2019-06-21 12:31:56.363000-04:00,1,12,12,199.91,199.89,2,5
2019-06-21 12:31:56.363000-04:00,1,12,12,199.91,199.89,2,6
2019-06-21 12:31:56.382000-04:00,1,12,12,199.91,199.89,2,7
2019-06-21 12:31:56.799000-04:00,1,12,12,199.91,199.89,2,6
2019-06-21 12:31:56.848000-04:00,1,12,12,199.91,199.89,3,6
2019-06-21 12:31:57.237000-04:00,1,12,12,199.91,199.89,3,5
2019-06-21 12:31:58.041000-04:00,1,12,12,199.91,199.89,4,5
2019-06-21 12:31:58.041000-04:00,1,12,12,199.91,199.89,6,5
2019-06-21 12:31:58.257000-04:00,1,12,12,199.91,199.89,6,4
2019-06-21 12:31:58.623000-04:00,1,12,12,199.91,199.89,6,5
2019-06-21 12:31:58.870000-04:00,1,12,12,199.91,199.89,6,6
2019-06-21 12:31:59.105000-04:00,1,12,12,199.91,199.89,7,6
2019-06-21 12:31:59.105000-04:00,1,12,12,199.91,199.89,8,6
2019-06-21 12:31:59.123000-04:00,1,12,12,199.91,199.89,7,6
2019-06-21 12:31:59.269000-04:00,1,12,12,199.91,199.89,7,5
2019-06-21 12:32:00.176000-04:00,1,12,12,199.91,199.89,7,6
2019-06-21 12:32:01.408000-04:00,1,12,12,199.91,199.89,5,6
2019-06-21 12:32:01.408000-04:00,1,12,12,199.91,199.89,3,6
2019-06-21 12:32:01.408000-04:00,1,12,12,199.9,199.89,2,2
2019-06-21 12:32:01.408000-04:00,1,11,12,199.9,199.89,1,2
2019-06-21 12:32:01.408000-04:00,1,11,12,199.9,199.89,1,4
2019-06-21 12:32:01.408000-04:00,1,11,12,199.9,199.89,1,5
2019-06-21 12:32:01.408000-04:00,1,11,12,199.9,199.89,1,6
2019-06-21 12:32:01.408000-04:00,1,11,12,199.9,199.89,1,7
2019-06-21 12:32:01.408000-04:00,1,11,12,199.9,199.89,1,8
2019-06-21 12:32:01.408000-04:00,1,11,12,199.9,199.89,1,9
2019-06-21 12:32:01.408000-04:00,1,11,12,199.9,199.89,1,10
2019-06-21 12:32:01.408000-04:00,1,11,12,199.9,199.89,1,11
2019-06-21 12:32:01.408000-04:00,1,19,12,199.9,199.89,1,11
2019-06-21 12:32:01.408000-04:00,1,10,12,199.9,199.88,4,11
2019-06-21 12:32:01.408000-04:00,1,12,12,199.9,199.88,4,11
2019-06-21 12:32:01.408000-04:00,1,12,12,199.89,199.88,4,1
2019-06-21 12:32:01.408000-04:00,1,12,12,199.89,199.88,4,2
2019-06-21 12:32:01.408000-04:00,1,12,12,199.89,199.88,4,3
2019-06-21 12:32:01.408000-04:00,1,10,12,199.89,199.88,3,2
2019-06-21 12:32:01.409000-04:00,1,10,12,199.89,199.88,3,1
2019-06-21 12:32:01.409000-04:00,1,10,12,199.89,199.88,3,4
2019-06-21 12:32:01.409000-04:00,1,10,12,199.89,199.88,3,3
2019-06-21 12:32:01.409000-04:00,1,10,12,199.89,199.88,3,2
2019-06-21 12:32:01.412000-04:00,1,10,12,199.89,199.88,3,3
2019-06-21 12:32:01.413000-04:00,1,10,12,199.89,199.88,1,3
2019-06-21 12:32:01.413000-04:00,1,19,12,199.89,199.88,1,3
2019-06-21 12:32:01.414000-04:00,1,19,12,199.89,199.88,1,4
2019-06-21 12:32:01.415000-04:00,1,19,12,199.89,199.88,1,3
2019-06-21 12:32:01.419000-04:00,1,19,12,199.89,199.88,1,4
2019-06-21 12:32:01.420000-04:00,1,19,12,199.89,199.88,1,5
2019-06-21 12:32:01.420000-04:00,1,19,12,199.89,199.88,1,6
2019-06-21 12:32:01.420000-04:00,1,19,12,199.89,199.88,1,7
2019-06-21 12:32:01.420000-04:00,1,12,12,199.89,199.88,1,7
2019-06-21 12:32:01.420000-04:00,1,12,12,199.89,199.88,1,8
2019-06-21 12:32:01.420000-04:00,1,12,12,199.89,199.88,1,7
2019-06-21 12:32:01.420000-04:00,1,19,12,199.89,199.87,1,7
2019-06-21 12:32:01.420000-04:00,1,19,12,199.88,199.87,1,1
2019-06-21 12:32:01.420000-04:00,1,12,12,199.88,199.86,4,1
2019-06-21 12:32:01.420000-04:00,1,12,12,199.88,199.86,4,2
2019-06-21 12:32:01.421000-04:00,1,12,19,199.88,199.86,4,2
2019-06-21 12:32:01.421000-04:00,1,19,19,199.88,199.87,15,2
2019-06-21 12:32:01.421000-04:00,1,19,12,199.88,199.87,15,1
2019-06-21 12:32:01.526000-04:00,1,19,12,199.88,199.87,15,3
2019-06-21 12:32:01.532000-04:00,1,19,19,199.88,199.87,15,2
2019-06-21 12:32:01.532000-04:00,1,19,12,199.88,199.87,15,2
2019-06-21 12:32:01.532000-04:00,1,19,15,199.88,199.87,15,1
2019-06-21 12:32:01.533000-04:00,1,19,12,199.88,199.87,15,1
2019-06-21 12:32:01.534000-04:00,1,19,12,199.88,199.87,15,2
2019-06-21 12:32:01.726000-04:00,1,19,12,199.88,199.87,14,2
2019-06-21 12:32:01.726000-04:00,1,19,12,199.88,199.87,14,3
2019-06-21 12:32:01.726000-04:00,1,19,12,199.88,199.87,14,4
2019-06-21 12:32:01.739000-04:00,1,19,12,199.88,199.87,14,3
2019-06-21 12:32:01.739000-04:00,1,19,12,199.88,199.87,14,2
2019-06-21 12:32:01.739000-04:00,1,19,19,199.88,199.87,14,2
2019-06-21 12:32:01.739000-04:00,1,19,12,199.88,199.87,14,2
2019-06-21 12:32:02.167000-04:00,1,19,15,199.88,199.87,14,1
2019-06-21 12:32:02.168000-04:00,1,19,12,199.88,199.87,14,1
2019-06-21 12:32:02.171000-04:00,1,19,12,199.89,199.87,14,5
2019-06-21 12:32:02.171000-04:00,1,19,12,199.89,199.87,14,4
2019-06-21 12:32:02.214000-04:00,1,19,12,199.89,199.87,14,3
2019-06-21 12:32:02.214000-04:00,1,19,12,199.89,199.87,14,2
2019-06-21 12:32:02.413000-04:00,1,19,12,199.89,199.87,14,3
2019-06-21 12:32:02.740000-04:00,1,19,12,199.89,199.87,14,2
2019-06-21 12:32:02.932000-04:00,1,19,7,199.89,199.87,14,1
2019-06-21 12:32:02.932000-04:00,1,12,7,199.89,199.88,2,1
2019-06-21 12:32:02.932000-04:00,1,12,19,199.9,199.88,1,2
2019-06-21 12:32:02.932000-04:00,1,12,19,199.9,199.88,2,2
2019-06-21 12:32:02.932000-04:00,1,12,19,199.9,199.88,3,2
2019-06-21 12:32:02.932000-04:00,1,12,8,199.9,199.88,3,2
2019-06-21 12:32:02.932000-04:00,1,12,8,199.9,199.88,4,2
2019-06-21 12:32:02.932000-04:00,1,12,8,199.9,199.88,5,2
2019-06-21 12:32:02.932000-04:00,1,12,8,199.9,199.88,6,2
2019-06-21 12:32:02.932000-04:00,1,12,8,199.9,199.88,6,1
2019-06-21 12:32:02.932000-04:00,1,12,8,199.9,199.89,1,1
2019-06-21 12:32:02.932000-04:00,1,12,8,199.9,199.89,2,1
2019-06-21 12:32:02.932000-04:00,1,12,8,199.9,199.89,3,1
2019-06-21 12:32:02.934000-04:00,1,12,8,199.9,199.89,4,1
2019-06-21 12:32:03.440000-04:00,1,12,8,199.9,199.89,5,1
2019-06-21 12:32:03.694000-04:00,1,12,8,199.9,199.89,4,1
2019-06-21 12:32:04.744000-04:00,1,8,8,199.9,199.89,3,1
2019-06-21 12:32:04.867000-04:00,1,8,12,199.9,199.89,3,2
2019-06-21 12:32:04.867000-04:00,1,8,8,199.9,199.89,3,1
2019-06-21 12:32:04.867000-04:00,1,12,12,199.9,199.89,2,1
2019-06-21 12:32:04.867000-04:00,1,15,12,199.9,199.89,1,1
2019-06-21 12:32:04.867000-04:00,1,15,17,199.9,199.89,1,1
2019-06-21 12:32:05.013000-04:00,1,15,8,199.9,199.89,1,1
2019-06-21 12:32:05.378000-04:00,1,12,8,199.9,199.89,2,1
2019-06-21 12:32:06.475000-04:00,1,15,8,199.9,199.89,1,1
2019-06-21 12:32:06.477000-04:00,1,11,8,199.9,199.89,1,1
2019-06-21 12:32:07.199000-04:00,1,12,8,199.9,199.89,2,1
2019-06-21 12:32:07.200000-04:00,1,19,8,199.9,199.89,3,1
2019-06-21 12:32:07.200000-04:00,1,19,8,199.9,199.89,4,1
2019-06-21 12:32:07.200000-04:00,1,19,8,199.9,199.89,3,1
2019-06-21 12:32:08.233000-04:00,1,11,8,199.9,199.89,1,1
2019-06-21 12:32:08.237000-04:00,1,11,12,199.9,199.89,1,2
2019-06-21 12:32:08.237000-04:00,1,11,12,199.9,199.89,1,3
2019-06-21 12:32:08.237000-04:00,1,11,12,199.9,199.89,1,4
2019-06-21 12:32:08.237000-04:00,1,11,12,199.9,199.89,1,5
2019-06-21 12:32:08.237000-04:00,1,11,12,199.9,199.89,1,6
2019-06-21 12:32:08.237000-04:00,1,12,12,199.9,199.89,1,6
2019-06-21 12:32:08.313000-04:00,1,11,12,199.9,199.89,1,6
2019-06-21 12:32:08.313000-04:00,1,11,12,199.9,199.89,1,7
2019-06-21 12:32:08.313000-04:00,1,11,12,199.9,199.89,1,8
2019-06-21 12:32:08.313000-04:00,1,11,12,199.9,199.89,1,9
2019-06-21 12:32:08.314000-04:00,1,11,12,199.9,199.89,1,10
2019-06-21 12:32:08.314000-04:00,1,11,12,199.89,199.89,1,1
2019-06-21 12:32:08.314000-04:00,1,11,12,199.89,199.89,1,3
2019-06-21 12:32:08.314000-04:00,1,11,12,199.89,199.89,1,5
2019-06-21 12:32:08.314000-04:00,1,11,12,199.89,199.89,1,6
2019-06-21 12:32:08.314000-04:00,1,8,12,199.89,199.88,3,6
2019-06-21 12:32:08.314000-04:00,1,8,12,199.89,199.88,3,7
2019-06-21 12:32:08.314000-04:00,1,8,12,199.89,199.88,3,8
2019-06-21 12:32:08.314000-04:00,1,19,12,199.89,199.87,14,8
2019-06-21 12:32:08.314000-04:00,1,19,12,199.88,199.87,14,1
2019-06-21 12:32:08.314000-04:00,1,19,12,199.88,199.87,14,2
2019-06-21 12:32:08.314000-04:00,1,19,12,199.88,199.87,14,3
2019-06-21 12:32:08.314000-04:00,1,18,12,199.88,199.88,3,3
2019-06-21 12:32:08.314000-04:00,1,18,12,199.88,199.88,3,2
2019-06-21 12:32:08.314000-04:00,1,18,12,199.88,199.88,3,1
2019-06-21 12:32:08.314000-04:00,1,18,12,199.89,199.88,3,7
2019-06-21 12:32:08.314000-04:00,1,12,12,199.89,199.88,1,7
2019-06-21 12:32:08.314000-04:00,1,19,12,199.89,199.87,14,6
2019-06-21 12:32:08.314000-04:00,1,19,12,199.89,199.87,14,5
2019-06-21 12:32:08.314000-04:00,1,19,12,199.89,199.87,14,6
2019-06-21 12:32:08.314000-04:00,1,19,12,199.89,199.87,17,6
2019-06-21 12:32:08.315000-04:00,1,19,12,199.89,199.87,17,5
2019-06-21 12:32:08.315000-04:00,1,19,8,199.88,199.87,17,1
2019-06-21 12:32:08.315000-04:00,1,19,12,199.88,199.87,17,2
2019-06-21 12:32:08.315000-04:00,1,19,8,199.88,199.87,17,1
2019-06-21 12:32:08.315000-04:00,1,19,12,199.89,199.87,17,4
2019-06-21 12:32:08.315000-04:00,1,19,19,199.88,199.87,17,1
2019-06-21 12:32:08.315000-04:00,1,19,12,199.89,199.87,17,3
2019-06-21 12:32:08.315000-04:00,1,19,11,199.89,199.87,17,2
2019-06-21 12:32:08.315000-04:00,1,19,12,199.89,199.87,17,2
2019-06-21 12:32:08.315000-04:00,1,12,19,199.89,199.88,2,2
2019-06-21 12:32:08.315000-04:00,1,12,19,199.89,199.88,3,2
2019-06-21 12:32:08.315000-04:00,1,12,19,199.89,199.88,4,2
2019-06-21 12:32:08.315000-04:00,1,12,11,199.88,199.88,4,1
2019-06-21 12:32:08.315000-04:00,1,12,8,199.89,199.88,4,1
2019-06-21 12:32:08.315000-04:00,1,12,12,199.89,199.88,4,1
2019-06-21 12:32:08.316000-04:00,1,12,12,199.9,199.88,4,6
2019-06-21 12:32:08.316000-04:00,1,12,12,199.9,199.88,4,5
2019-06-21 12:32:09.078000-04:00,1,8,12,199.9,199.88,3,5
2019-06-21 12:32:09.469000-04:00,1,8,12,199.9,199.88,3,4
2019-06-21 12:32:09.469000-04:00,1,8,12,199.9,199.88,3,3
2019-06-21 12:32:09.471000-04:00,1,8,12,199.9,199.88,3,4
2019-06-21 12:32:09.524000-04:00,1,8,12,199.9,199.88,3,5
2019-06-21 12:32:09.698000-04:00,1,8,19,199.89,199.88,3,1
2019-06-21 12:32:09.698000-04:00,1,8,19,199.89,199.88,3,2
2019-06-21 12:32:09.698000-04:00,1,8,19,199.89,199.88,3,1
2019-06-21 12:32:09.698000-04:00,1,8,12,199.9,199.88,3,5
2019-06-21 12:32:10.214000-04:00,1,8,12,199.9,199.88,3,4
2019-06-21 12:32:10.239000-04:00,1,8,12,199.9,199.88,3,3
2019-06-21 12:32:10.239000-04:00,1,8,12,199.9,199.88,3,2
2019-06-21 12:32:10.301000-04:00,1,8,12,199.9,199.88,3,3
2019-06-21 12:32:10.390000-04:00,1,8,12,199.9,199.88,3,2
2019-06-21 12:32:12.078000-04:00,1,8,12,199.9,199.88,3,3
2019-06-21 12:32:14.533000-04:00,1,8,12,199.9,199.88,3,4
2019-06-21 12:32:14.698000-04:00,1,12,12,199.9,199.88,4,4
2019-06-21 12:32:14.698000-04:00,1,12,12,199.9,199.88,5,4
2019-06-21 12:32:14.721000-04:00,1,12,12,199.9,199.88,4,4
2019-06-21 12:32:15.034000-04:00,1,12,12,199.9,199.88,4,3
2019-06-21 12:32:15.373000-04:00,1,12,12,199.9,199.88,4,2
2019-06-21 12:32:15.592000-04:00,1,12,12,199.9,199.88,4,3
2019-06-21 12:32:15.751000-04:00,1,12,12,199.9,199.88,4,4
2019-06-21 12:32:16.078000-04:00,1,12,12,199.9,199.88,4,3
2019-06-21 12:32:16.524000-04:00,1,12,12,199.9,199.88,4,2
2019-06-21 12:32:16.946000-04:00,1,12,12,199.9,199.88,5,2
2019-06-21 12:32:17.253000-04:00,1,12,12,199.9,199.88,5,3
2019-06-21 12:32:18.247000-04:00,1,12,12,199.9,199.88,5,2
2019-06-21 12:32:19.278000-04:00,1,12,12,199.9,199.88,5,3
2019-06-21 12:32:19.279000-04:00,1,12,12,199.9,199.88,6,3
2019-06-21 12:32:20.016000-04:00,1,12,12,199.9,199.88,6,2
2019-06-21 12:32:20.016000-04:00,1,12,19,199.9,199.89,1,2
2019-06-21 12:32:20.016000-04:00,1,12,19,199.9,199.89,2,2
2019-06-21 12:32:20.016000-04:00,1,12,19,199.9,199.89,3,2
2019-06-21 12:32:20.016000-04:00,1,12,19,199.9,199.89,4,2
2019-06-21 12:32:20.016000-04:00,1,12,19,199.9,199.89,3,2
2019-06-21 12:32:20.016000-04:00,1,12,19,199.9,199.89,4,2
2019-06-21 12:32:20.016000-04:00,1,12,12,199.9,199.89,4,2
2019-06-21 12:32:20.017000-04:00,1,12,12,199.9,199.89,3,2
2019-06-21 12:32:20.022000-04:00,1,12,12,199.9,199.89,2,2
2019-06-21 12:32:21.102000-04:00,1,12,12,199.9,199.89,1,2
2019-06-21 12:32:21.390000-04:00,1,19,12,199.9,199.89,1,2
2019-06-21 12:32:21.592000-04:00,1,12,12,199.9,199.89,2,2
2019-06-21 12:32:21.593000-04:00,1,10,12,199.9,199.89,3,2
2019-06-21 12:32:21.593000-04:00,1,12,12,199.9,199.89,2,2
2019-06-21 12:32:22.234000-04:00,1,19,12,199.9,199.89,2,2
2019-06-21 12:32:22.357000-04:00,1,11,12,199.9,199.89,1,2
2019-06-21 12:32:22.962000-04:00,1,11,12,199.9,199.89,1,3
2019-06-21 12:32:22.966000-04:00,1,11,12,199.9,199.89,1,4
2019-06-21 12:32:24.102000-04:00,1,11,12,199.9,199.89,1,3
2019-06-21 12:32:24.102000-04:00,1,11,12,199.9,199.89,1,2
2019-06-21 12:32:24.185000-04:00,1,12,12,199.9,199.89,2,2
2019-06-21 12:32:24.187000-04:00,1,18,12,199.9,199.89,3,2
2019-06-21 12:32:24.195000-04:00,1,18,11,199.9,199.89,3,1
2019-06-21 12:32:24.195000-04:00,1,12,11,199.9,199.89,4,1
2019-06-21 12:32:24.195000-04:00,1,12,11,199.9,199.89,5,1
2019-06-21 12:32:24.195000-04:00,1,12,11,199.9,199.89,6,1
2019-06-21 12:32:24.195000-04:00,1,12,11,199.9,199.89,7,1
2019-06-21 12:32:24.195000-04:00,1,12,11,199.9,199.89,8,1
2019-06-21 12:32:24.195000-04:00,1,12,11,199.9,199.89,6,1
2019-06-21 12:32:24.195000-04:00,1,12,11,199.9,199.89,7,1
2019-06-21 12:32:24.195000-04:00,1,12,11,199.9,199.9,1,1
2019-06-21 12:32:24.195000-04:00,1,12,11,199.9,199.9,2,1
2019-06-21 12:32:24.195000-04:00,1,12,11,199.9,199.9,3,1
2019-06-21 12:32:24.195000-04:00,1,12,11,199.9,199.9,4,1
2019-06-21 12:32:24.195000-04:00,1,12,11,199.9,199.9,5,1
2019-06-21 12:32:24.195000-04:00,1,12,10,199.9,199.9,5,1
2019-06-21 12:32:24.195000-04:00,1,12,12,199.91,199.9,6,3
2019-06-21 12:32:24.196000-04:00,1,12,12,199.91,199.9,5,3
2019-06-21 12:32:24.196000-04:00,1,12,12,199.91,199.9,4,3
2019-06-21 12:32:24.196000-04:00,1,12,12,199.91,199.9,5,3
2019-06-21 12:32:24.197000-04:00,1,12,12,199.91,199.9,4,3
2019-06-21 12:32:24.198000-04:00,1,10,12,199.91,199.9,3,3
2019-06-21 12:32:24.198000-04:00,1,12,12,199.91,199.9,3,3
2019-06-21 12:32:24.199000-04:00,1,12,12,199.91,199.9,3,4
2019-06-21 12:32:24.201000-04:00,1,19,12,199.91,199.9,2,4
2019-06-21 12:32:24.222000-04:00,1,12,12,199.91,199.9,3,4
2019-06-21 12:32:24.229000-04:00,1,12,12,199.91,199.9,4,4
2019-06-21 12:32:24.322000-04:00,1,12,12,199.91,199.9,4,3
2019-06-21 12:32:24.655000-04:00,1,12,12,199.91,199.9,3,3
2019-06-21 12:32:25.158000-04:00,1,12,12,199.91,199.9,5,3
2019-06-21 12:32:25.378000-04:00,1,12,12,199.91,199.9,6,3
2019-06-21 12:32:25.378000-04:00,1,12,12,199.91,199.9,7,3
2019-06-21 12:32:25.611000-04:00,1,12,12,199.91,199.9,6,3
2019-06-21 12:32:25.611000-04:00,1,12,12,199.91,199.9,5,3
2019-06-21 12:32:26.542000-04:00,1,12,12,199.91,199.9,5,5
2019-06-21 12:32:28.041000-04:00,1,12,12,199.91,199.9,8,5
2019-06-21 12:32:28.778000-04:00,1,12,12,199.91,199.9,9,5
2019-06-21 12:32:28.828000-04:00,1,12,12,199.91,199.9,8,5
2019-06-21 12:32:29.788000-04:00,1,12,12,199.91,199.9,8,6
2019-06-21 12:32:29.790000-04:00,1,12,12,199.91,199.9,8,5
2019-06-21 12:32:29.791000-04:00,1,12,12,199.91,199.9,8,6
2019-06-21 12:32:30.070000-04:00,1,12,12,199.91,199.9,8,5
2019-06-21 12:32:30.695000-04:00,1,12,12,199.91,199.9,8,6
2019-06-21 12:32:31.786000-04:00,1,12,12,199.91,199.9,7,6
2019-06-21 12:32:31.786000-04:00,1,12,12,199.91,199.9,6,6
2019-06-21 12:32:31.786000-04:00,1,12,12,199.91,199.9,6,7
2019-06-21 12:32:31.786000-04:00,1,12,12,199.91,199.9,6,8
2019-06-21 12:32:31.786000-04:00,1,12,12,199.91,199.9,5,8
2019-06-21 12:32:31.786000-04:00,1,12,12,199.91,199.9,5,9
2019-06-21 12:32:31.786000-04:00,1,12,12,199.91,199.9,5,8
2019-06-21 12:32:31.786000-04:00,1,12,12,199.91,199.9,5,9
2019-06-21 12:32:31.786000-04:00,1,12,12,199.91,199.9,4,9
2019-06-21 12:32:31.786000-04:00,1,12,12,199.91,199.9,4,10
2019-06-21 12:32:31.786000-04:00,1,12,12,199.91,199.9,3,10
2019-06-21 12:32:31.786000-04:00,1,19,12,199.91,199.9,2,10
2019-06-21 12:32:31.786000-04:00,1,19,12,199.91,199.9,2,11
2019-06-21 12:32:31.786000-04:00,1,8,12,199.91,199.9,2,11
2019-06-21 12:32:31.786000-04:00,1,15,12,199.91,199.9,1,11
2019-06-21 12:32:31.786000-04:00,1,15,12,199.91,199.9,1,10
2019-06-21 12:32:31.786000-04:00,1,15,12,199.91,199.9,1,9
2019-06-21 12:32:31.786000-04:00,1,15,12,199.91,199.9,1,10
2019-06-21 12:32:31.786000-04:00,1,15,12,199.91,199.9,1,11
2019-06-21 12:32:31.787000-04:00,1,10,12,199.91,199.89,1,11
2019-06-21 12:32:31.787000-04:00,1,10,12,199.9,199.89,1,1
2019-06-21 12:32:31.787000-04:00,1,10,12,199.9,199.89,1,2
2019-06-21 12:32:31.787000-04:00,1,10,12,199.9,199.89,1,3
2019-06-21 12:32:31.788000-04:00,1,18,12,199.9,199.88,3,4
